% Encoding: UTF-8

@STRING{marta = {Marta Estela Mejail}}

@INPROCEEDINGS{DBLP:conf/sibgrapi/GambiniRBMJ08,
  author = {Juliana Gambini and Damian Rozichner and Mar\'{\i}a E. Buemi and
	Marta Mejail and Julio Jacobo-Berlles},
  title = {Occlusion Handling for Object Tracking Using a Fast Level Set Method},
  booktitle = {SIBGRAPI},
  year = {2008},
  pages = {61--68},
  bibsource = {DBLP, http://dblp.uni-trier.de},
  crossref = {DBLP:conf/sibgrapi/2008},
  ee = {http://dx.doi.org/10.1109/SIBGRAPI.2008.36}
}

@INPROCEEDINGS{DBLP:conf/icip/SilveiraNM08,
  author = {Margarida Silveira and Jacinto C. Nascimento and Jorge S. Marques},
  title = {Level set segmentation with outlier rejection},
  booktitle = {ICIP},
  year = {2008},
  pages = {1085--1088},
  bibsource = {DBLP, http://dblp.uni-trier.de},
  crossref = {DBLP:conf/icip/2008},
  ee = {http://dx.doi.org/10.1109/ICIP.2008.4711947}
}

@ARTICLE{martajuliofreryoscar,
  author = marta # { and Jacobo-Berlles, J. and Frery, A. C. and Bustos, O. H.},
  title = {Parametric roughness estimation in amplitude {SAR} images under the
	multiplicative model},
  journal = {Revista de Teledetecci\'on},
  year = {2000},
  volume = {13},
  pages = {37--49}
}

@INPROCEEDINGS{abbate04,
  author = {Horacio Abbate and María E. Buemi and Juliana Gambini and Claudio
	Delrieux},
  title = {Clasificación y Segmentación de Texturas usando Dimensión Fractal
	y Contornos B-spline Deformables},
  booktitle = {CACIC, Congreso Argentino de Cs. de la Computación},
  year = {2004}
}

@ARTICLE{Achim2006,
  author = {A. Achim and E. E. Kuruo{\u g}lu and J. Zerubia},
  title = {{SAR} Image Filtering Based on the Heavy-Tailed {R}ayleigh Model},
  journal = {IEEE Transactions on Image Processing},
  year = {2006},
  volume = {15},
  pages = {2686--2693},
  number = {9},
  abstract = {Synthetic aperture radar (SAR) images are inherently affected by a
	signal dependent noise known as speckle, which is due to the radar
	wave coherence. In this paper, we propose a novel adaptive despeckling
	filter and derive a maximum a posteriori (MAP) estimator for the
	radar cross section (RCS). We first employ a logarithmic transformation
	to change the multiplicative speckle into additive noise. We model
	the RCS using the recently introduced heavy-tailed Rayleigh density
	function, which was derived based on the assumption that the real
	and imaginary parts of the received complex signal are best described
	using the alpha-stable family of distribution. We estimate model
	parameters from noisy observations by means of second-kind statistics
	theory, which relies on the Mellin transform. Finally, we compare
	the proposed algorithm with several classical speckle filters applied
	on actual SAR images. Experimental results show that the homomorphic
	MAP filter based on the heavy-tailed Rayleigh prior for the RCS is
	among the best for speckle removal},
  doi = {10.1109/TIP.2006.877362}
}

@ARTICLE{Achim03sarimage,
  author = {Alin Achim and Panagiotis Tsakalides and Anastasios Bezerianos},
  title = {{SAR} Image Denoising via {B}ayesian Wavelet Shrinkage Based on Heavy-Tailed
	Modeling},
  journal = {IEEE Transactions on Geoscience and Remote Sensing},
  year = {2003},
  volume = {41},
  pages = {1773--1784}
}

@INPROCEEDINGS{Acton2005,
  author = {Acton, S.T.},
  title = {Deconvolutional speckle reducing anisotropic diffusion},
  booktitle = {Image Processing, 2005. ICIP 2005. IEEE International Conference
	on},
  year = {2005},
  volume = {1},
  pages = {I--5--8},
  month = {11-14 Sept.},
  doi = {10.1109/ICIP.2005.1529673},
  owner = {Administrador},
  timestamp = {2007.03.22}
}

@INPROCEEDINGS{Akgun2008,
  author = {Akgun, T. and Altunbasak, Y.},
  title = {Material specific multiple observation resolution enhancement of
	hyperspectral imagery},
  booktitle = {Acoustics, Speech and Signal Processing, 2008. ICASSP 2008. IEEE
	International Conference on},
  year = {2008},
  pages = {845--848},
  month = {March 31 2008-April 4},
  doi = {10.1109/ICASSP.2008.4517742},
  owner = {Administrador},
  timestamp = {2008.08.19}
}

@ARTICLE{AllendeFreryetal:JSCS:05,
  author = {H. Allende and A. C. Frery and J. Galbiati and L. Pizarro},
  title = {M-Estimators with Asymmetric Influence Functions: the {GA0} distribution
	case},
  journal = {Journal of Statistical Computation and Simulation},
  year = {2006},
  volume = {76},
  pages = {941--956},
  number = {11},
  abstract = {Many applications consecrate the use of asymmetric distributions,
	and practical situations often require robust parametric inference.
	This paper presents the derivation of M-estimators with asymmetric
	influence functions, motivated by the GA0 distribution. This law,
	regarded as the universal model for speckled imagery, can be highly
	skewed and maximum likelihood estimation can be severely hampered
	by small percentages of outliers. These outliers appear mainly because
	the hypothesis of independence and equal distribution of observations
	are seldom satisfied in practice; for instance, in the process of
	filtering, some pixels within a window frequently come from regions
	with different underlying distributions. Traditional robust estimation
	methods, on the basis of symmetric robustifying functions, assume
	that the distribution is symmetric, but when the data distribution
	is asymmetric, these methods yield biased estimators. Empirical influence
	functions for maximum likelihood estimators are computed, and based
	on this information we propose the asymmetric M-estimator (AM-estimator),
	an M-estimator with asymmetric redescending functions. The performance
	of AM estimators is assessed, and it is shown that they either compete
	with or outperform both maximum likelihood and Huber-type M-estimators.},
  doi = {10.1080/10629360600569154},
  owner = {Juliana},
  timestamp = {2012.12.28}
}

@ARTICLE{Alvarezlionsmorel92,
  author = {L. Alvarez and P. Lions and J. M. Morel},
  title = {Image {S}electing {S}moothing and {E}dge {D}etection by non-linear
	{D}iffusion},
  journal = {Siam J. Numerical Analysis},
  year = {1992},
  volume = {29},
  number = {3}
}

@INPROCEEDINGS{AM06,
  author = {Amar, E.M. and Maldague, X.},
  title = {Classifying Tracked Objects and their Interactions from Infrared
	Imagery},
  booktitle = {Electrical and Computer Engineering, Canadian Conference on},
  year = {2006},
  pages = {2194--2198},
  month = {May}
}

@INPROCEEDINGS{AL95,
  author = {Anastassopoulos and G.A. Lampropoulos},
  title = {Statistical Infrared Image Analysi},
  booktitle = {SPIE Conference on Infrared Spaceborne and Remote Sensing III},
  year = {1995},
  volume = {2553},
  month = {July}
}

@INPROCEEDINGS{Anderson2007,
  author = {Sharolyn Anderson and Claudio Delrieux},
  title = {Fractal Modeling Of Urban Morphology},
  booktitle = {Annual Meeting of Association of American Geographers},
  year = {2007},
  owner = {Administrador},
  timestamp = {2008.08.21}
}

@CONFERENCE{Anderson2008,
  author = {Sharolyn Anderson and Claudio A Delrieux and Mario A. Lopez and Mohammed
	Albow},
  title = {A Fractal based technique for surface area extrapolation in DEMs},
  booktitle = {Annual Meeting of Association of American Geographers},
  year = {2008},
  owner = {Administrador},
  timestamp = {2008.08.21}
}

@ARTICLE{MellinAnalysisPolSAR,
  author = {Anfinsen, S.N. and Eltoft, T.},
  title = {Application of the Matrix-Variate {M}ellin Transform to Analysis
	of Polarimetric Radar Images},
  journal = {IEEE Transactions on Geoscience and Remote Sensing},
  year = {2011},
  volume = {49},
  pages = {2281--2295},
  number = {6},
  abstract = {In this paper, we propose to use a matrix-variate Mellin transform
	in the statistical analysis of multilook polarimetric radar data.
	The domain of the transform integral is the cone of complex positive
	definite matrices, which allows for transformation of the distributions
	used to model the polarimetric covariance and coherency matrix. Based
	on the matrix-variate Mellin transform, an alternative characteristic
	function is defined, from which we can retrieve a new kind of matrix
	log-moments and log-cumulants. It is demonstrated that the matrix
	log-cumulants are of great value to analysis of polarimetric radar
	data, and that they can be used to derive estimators for the distribution
	parameters with low bias and variance.},
  doi = {10.1109/TGRS.2010.2103945},
  issn = {0196-2892},
  keywords = {coherency matrix;complex positive definite matrices;distribution parameters;doubly
	stochastic product model;matrix log-cumulants;matrix log-moments;matrix-variate
	Mellin transform;matrix-variate statistics;multilook polarimetric
	radar data;polarimetric covariance;polarimetric radar images;statistical
	analysis;synthetic aperture radar;transform integral;geophysical
	image processing;geophysical techniques;radar polarimetry;statistical
	analysis;stochastic processes;synthetic aperture radar;}
}

@INPROCEEDINGS{Arbogast90,
  author = {E. Arbogast and R. Mohr},
  title = {3D Structure Inference from Image Sequences.},
  booktitle = {Proceedings of the Syntactical and Structural Pattern Recognition
	Workshop},
  year = {1990},
  editor = {H. Baird},
  pages = {21--37},
  address = {New York},
  organization = {Murray-Hill}
}

@BOOK{arndt2004information,
  title = {Information Measures: Information and Its Description in Science
	and Engineering},
  publisher = {Springer},
  year = {2004},
  author = {Arndt, C.},
  isbn = {9783540408550}
}

@INPROCEEDINGS{4218961,
  author = {Aviyente, S. and Ahmad, F. and Amin, M. G.},
  title = {Information Theoretic Measures for Change Detection in Urban Sensing
	Applications},
  booktitle = {IEEE Workshop on Signal Processing Applications for Public Security
	and Forensics},
  year = {2007},
  pages = {1--6}
}

@ARTICLE{DBLP:journals/pami/AyedMB05,
  author = {Ismail Ben Ayed and Amar Mitiche and Ziad Belhadj},
  title = {Multiregion {L}evel-{S}et {P}artitioning of {S}ynthetic {A}perture
	{R}adar {I}mages.},
  journal = {IEEE Trans. Pattern Anal. Mach. Intell.},
  year = {2005},
  volume = {27},
  pages = {793--800},
  number = {5}
}

@INPROCEEDINGS{DBLP:conf/icip/AyedVMB04,
  author = {Ismail Ben Ayed and Carlos Vazquez and Amar Mitiche and Ziad Belhadj},
  title = {{SAR} {I}mage {S}egmentation with {A}ctive {C}ontours and {L}evel
	{S}ets.},
  booktitle = {ICIP},
  year = {2004},
  pages = {2717--2720},
  bibsource = {DBLP, http://dblp.uni-trier.de}
}

@ARTICLE{Chaudhuri95,
  author = {B.Chaudhuri and N.Sakar},
  title = { Texture {S}egmentation using {F}ractal {D}imension},
  journal = {IEEE Trans. Pattern Anal. Machine Intell},
  year = {1995},
  volume = {25},
  pages = {72--76},
  number = {17}
}

@ARTICLE{Babaud86,
  author = {Babaud, J. and Witkin, A. and Duda, R.},
  title = {Uniqueness of the {G}aussian {K}ernel for {S}cale-{S}pace {F}iltering},
  journal = {IEEE Transaction on Pattern Anal. and Machine Intelligence},
  year = {1986},
  volume = {8},
  number = {1}
}

@CONFERENCE{Jogesh2006,
  author = {G. J. Babu and E. D. Feigelson},
  title = {Astrostatistics: Goodness-of-Fit and All That!},
  booktitle = {Astronomical Data Analysis Software and Systems XV ASP Conference
	Series.},
  year = {2006},
  volume = {351},
  pages = {127--136},
  owner = {Juliana},
  timestamp = {2014.04.15}
}

@ARTICLE{barndorff-blaesid83,
  author = {Barndorff-Nielsen, O.~E. and Bl{\ae}sild, P.},
  title = {Hyperbolic distributions, {\em in} Kotz},
  journal = {Johnson, eds, `Encyclopedia of statistical sciences'},
  year = {1983},
  volume = {3},
  pages = {700--707}
}

@ARTICLE{berizzidalle99,
  author = {F. Berizzi and E. Dalle-Mese},
  title = { Fractal {A}nalysis of the {S}ignal {S}cattered from the {S}ea {S}urface},
  journal = {IEEE Trans. Antennas and Propagation},
  year = {1999},
  volume = {47},
  pages = {324--338},
  number = {2}
}

@INPROCEEDINGS{DBLP:conf/icip/BertalmioSR98,
  author = {Marcelo Bertalm\'{\i}o and Guillermo Sapiro and Gregory Randall},
  title = {Morphing Active Contours: A Geometric Approach to Topology-Independent
	Image Segmentation and Tracking.},
  booktitle = {ICIP (3)},
  year = {1998},
  pages = {318--322}
}

@ARTICLE{Bhattacharyya1943,
  author = {A. Bhattacharyya.},
  title = {On a measure of divergence between two statistical populations defined
	by their probability distribution},
  journal = {Bulletin of the Calcutta Mathematical Society},
  year = {1943},
  volume = {35},
  pages = {99--110},
  owner = {Juliana},
  timestamp = {2013.06.04}
}

@INPROCEEDINGS{Blackledge92,
  author = {Blackledge, J.M. and Fowler, E.},
  title = {Fractal {D}imensions {S}egmentation of {S}ynthetic {A}perture {R}adar
	{I}mages},
  booktitle = {International Conference on Image Processing and its Applications},
  year = {1992},
  pages = {445--449},
  publisher = {IEEE}
}

@BOOK{Blake,
  title = {Active Contours},
  publisher = {Springer Verlag},
  year = {1998},
  author = {A. Blake and M. Isard}
}

@BOOK{blake-ziss,
  title = {Visual Reconstruction},
  publisher = {The MIT Press},
  year = {1987},
  author = {Blake, A. and Zisserman, A.}
}

@ARTICLE{Bookstein88,
  author = {F. Bookstein},
  title = {Thin {P}late {S}plines and the {D}escomposition of {D}eformations.},
  journal = {IEEE Transactions on Pattern Analysis and Machine Intelligence},
  year = {1986},
  volume = {1},
  pages = {45--50}
}

@INPROCEEDINGS{bors2008,
  author = {Bors, A.G. and Nasios, N.},
  title = {Kernel bandwidth estimation in methods based on probability density
	function modelling},
  booktitle = {Pattern Recognition, 2008. ICPR 2008. 19th International Conference
	on},
  year = {2008},
  pages = {1--4},
  issn = {1051-4651},
  owner = {Juliana},
  timestamp = {2013.12.09}
}

@ARTICLE{bovik88,
  author = {A. Bovik},
  title = { On {D}etecting {E}dge in {S}peckle {I}magery},
  journal = {IEEE Trans. Acoust., Speech Signal Processing},
  year = {1988},
  volume = {36},
  pages = {1618--1627},
  number = {10}
}

@INPROCEEDINGS{1224731,
  author = {Bratsolis, E. and Sigelle, M.},
  title = {Kullback-{L}eibler divergence and {M}arkov random fields for speckled
	image restoration},
  booktitle = {Seventh International Symposium on Signal Processing and Its Applications,
	2003. Proceedings},
  year = {2003},
  volume = {1},
  pages = {425--428},
  doi = {10.1109/ISSPA.2003.1224731},
  keywords = {Bismuth;Context modeling;Entropy;Equations;Image restoration;Markov
	random fields;Mathematical model;Speckle;Stochastic processes; Markov
	processes; entropy; image restoration; parameter estimation; Kullback-Leibler
	divergence; Markov random field; entropy; generalized Gaussian pdf;
	hyperparameter estimation; image observation; speckled image restoration;}
}

@ARTICLE{Brigger00,
  author = {Brigger, P. and Hoeg, J. and Unser, M.},
  title = {B-Spline Snakes: A Flexible Tool for Parametric Contour Detection},
  journal = {IEEE Trans. on Image Processing},
  year = {2000},
  volume = {9},
  pages = {1484--1496},
  number = {9},
  month = {Sept.}
}

@ARTICLE{Broyden65,
  author = {C. G. Broyden},
  title = {A {C}lass of {M}ethods for {S}olving {N}onlinear {S}imultaneous {E}quations},
  journal = {Mathematics of Computation},
  year = {1965},
  volume = {19},
  pages = {577--593}
}

@INPROCEEDINGS{Gambini07,
  author = {M.E. Buemi and A.C. Frery and J. Gambini and J. Jacobo Berlles and
	M. Mejail},
  title = {Comparative study of contour fitting methods in speckled images},
  booktitle = {International Conference on Computer Vision Theory and Applications
	(VISAPP07)},
  year = {2007},
  address = {Barcelona, Spain}
}

@ARTICLE{BujorTrouveValetNicolas2004,
  author = {Bujor, F. and Trouve, E. and Valet, L. and Nicolas, J-M and Rudant,
	J.-P.},
  title = {Application of log-cumulants to the detection of spatiotemporal discontinuities
	in multitemporal {SAR} images},
  journal = {IEEE Transactions on Geoscience and Remote Sensing},
  year = {2004},
  volume = {42},
  pages = {2073--2084},
  number = {10},
  issn = {0196-2892}
}

@ARTICLE{BustosFerreroPalacio98,
  author = {O. H. Bustos and S. B. Ferrero and M. G. Palacio},
  title = {Introducci\'on a T\'ecnicas de Procesamiento de Im\'agenes Digitales
	de Percepci\'on Remota Basadas En M\'etodos Estad\'{\i}sticos},
  journal = {Revista de la Sociedad Argentina de Estad\'{\i}stica},
  year = {1998},
  volume = {2},
  pages = {19--47},
  number = {1/2}
}

@ARTICLE{BustosFlesiaFrery99,
  author = {Bustos, O. H. and Flesia, A. G. and Frery, A. C.},
  title = {Simulation of {I}ntensity {SAR} {I}mages with {S}pecified {C}orrelation
	{S}tructure},
  journal = {Applied Signal Processing},
  year = {2000},
  note = {to appear}
}

@INPROCEEDINGS{bustosestimasibgrapi99,
  author = {Bustos, O. H. and Flesia, A. G. and Frery, A. C.},
  title = {A {M}onte-{C}arlo Study of Classical Spectral Estimation of the Backscatter
	in {K}-Distributed Images},
  booktitle = {Simp\'osio Brasileiro de Computa\c c\~ao Gr\'afica e Processamento
	de Imagens},
  year = {1999},
  address = {Campinas, SP, Brazil},
  organization = {SBC},
  publisher = {IEEE}
}

@INPROCEEDINGS{bustossimulasibgrapi99,
  author = {Bustos, O. H. and Flesia, A. G. and Frery, A. C.},
  title = {Simulation of Correlated Intensity {SAR} Images},
  booktitle = {Simp\'osio Brasileiro de Computa\c c\~ao Gr\'afica e Processamento
	de Imagens},
  year = {1999},
  address = {Campinas, SP, Brazil},
  organization = {SBC},
  publisher = {IEEE}
}

@BOOK{buseu92,
  title = {Simula\c c\~ao estoc\'astica: teoria e algoritmos (vers\~ao completa)},
  publisher = {CNPq/IMPA},
  year = {1992},
  author = {Bustos, O. H. and A. C. Frery},
  series = {Monografias de Matem\'atica, 49},
  address = {Rio de Janeiro, RJ, Brazil}
}

@ARTICLE{buseucam92,
  author = {Bustos, O. H. and Frery, A. C.},
  title = {A contribution to the study of {M}arkovian degraded images: an extension
	of a theorem by {G}eman and {G}eman},
  journal = {Computational and Applied Mathematics},
  year = {1992},
  volume = {11},
  pages = {17--29, 281--285},
  number = {1,3},
  month = {Jan., Sept.}
}

@ARTICLE{busto92,
  author = {Bustos, O. H. and Frery, A. C.},
  title = {Reporting {M}onte {C}arlo results in statistics: suggestions and
	an example},
  journal = {Revista de la Sociedad Chilena de Estad\'{\i}stica},
  year = {1992},
  volume = {9},
  pages = {46--95},
  number = {2},
  month = {Dec.}
}

@ARTICLE{bustosetal99,
  author = {Bustos, O. H. and Frery, A. C. and Ojeda, S.},
  title = {Strong {M}arkov {P}rocesses in {I}mage {M}odelling},
  journal = {Brazilian Journal of Probability and Statistics - REBRAPE},
  year = {1999},
  note = {in press}
}

@ARTICLE{BustosFreryLucini:Mestimators:2001,
  author = {O. H. Bustos and M. M. Lucini and A. C. Frery},
  title = {M-Estimators of Roughness and Scale for {GA0}-Modelled {SAR} Imagery},
  journal = {EURASIP Journal on Applied Signal Processing},
  year = {2002},
  volume = {1},
  pages = {105--114},
  number = {1},
  abstract = {The GA0 distribution is assumed as the universal model for multilook
	amplitude SAR imagery data under the Multiplicative Model. This distribution
	has two unknown parameters related to the roughness and the scale
	of the signal, that can be used in image analysis and processing.
	It can be seen that Maximum Likelihood and moment estimators for
	its parameters can be influenced by small percentages of ``outliers'';
	hence, it is of outmost importance to find Robust Estimators for
	these parameters. One of the best-known classes of robust techniques
	is that of M-estimators, which are an extension of the Maximum Likelihood
	estimation method. In this work we derive the M-estimators for the
	parameters of the GA0 distribution, and compare them with maximum
	likelihood estimators with a Monte Carlo experience. It is checked
	that this robust technique is superior to the classical approach
	under the presence of corner reflectors, a common source of contamination
	in SAR images. Numerical issues are addressed, and a practical example
	is provided.},
  doi = {10.1155/S1110865702000392},
  owner = {Juliana},
  timestamp = {2012.12.28}
}

@article{Bustos1997,
	author = {Bustos, Oscar},
	year = {1997},
	month = {02},
	pages = {81},
	title = {Robust Statistics in SAR Image Processing},
	volume = {407}
}

@ARTICLE{Canny86,
  author = {J. Canny},
  title = { A {C}omputational {A}pproach to {E}dge {D}etection},
  journal = {IEEE Trans. Pattern Anal. Machine Intell},
  year = {1986},
  volume = {8},
  pages = {679--698},
  number = {8}
}

@INPROCEEDINGS{cassettiast2013,
  author = {Cassetti, J. and Gambini, J. and Frery, A.},
  title = {Estimaci\'on de Par\'ametros utilizando Distancias Estoc\'asticas
	para Datos con Ruido Speckle.},
  booktitle = {Argentine Simposium of Tecnology in JAIIO},
  year = {2013},
  owner = {Juliana},
  timestamp = {2013.06.12}
}

@INPROCEEDINGS{APSAR2013ParameterEstimationStochasticDistances,
  author = {J. Cassetti and J. Gambini and A. C. Frery},
  title = {Parameter Estimation in {SAR} Imagery using Stochastic Distances},
  booktitle = {Proceedings of The 4th Asia-Pacific Conference on Synthetic Aperture
	Radar (APSAR)},
  year = {2013},
  address = {Tsukuba, Japan}
}

@INPROCEEDINGS{CACGMJS07,
  author = {E. Castro and H. Abbate and M. Constanzo and J. Gambini and M. Mejai
	and J. Jacobo Berlles and J.M. Santos and P. Borenstejn},
  title = {Processed infrared images of plastic and metallic landmines in an
	argentine project},
  booktitle = {SPIE CDefense and Security symposium, Detection and Remediation Technologies
	for Mines and Minelike Targets XII},
  year = {2007},
  volume = {6553},
  month = {April}
}

@INPROCEEDINGS{CAMSMBJ05,
  author = {Castro, E. H. and Abbate, H. A. and Mallaina, E. F. and Santos, Juan
	Miguel and Mejail, Marta and Borensztejn, Patricia and Jacobo, Julio},
  title = {Thermographic detection of buried objects},
  booktitle = {Proceeding of the SPIE: International Society for Optical Engineering},
  year = {2005},
  volume = {5782},
  pages = {145--152},
  month = {April}
}

@ARTICLE{ChanVese01,
  author = {T. Chan and L. Vese},
  title = { Active {C}ontours without {E}dges},
  journal = {IEEE Trans. Image Processing},
  year = {2001},
  volume = {10},
  pages = {265--277},
  number = {2}
}

@INPROCEEDINGS{Chang2007,
  author = {Yang-Lang Chang and Jyh-Perng Fang and Jin-Nan Liu and Hsuan Ren
	and Wen-Yew Liang},
  title = {A Simulated Annealing Feature Extraction approach for hyperspectral
	images},
  booktitle = {Geoscience and Remote Sensing Symposium, 2007. IGARSS 2007. IEEE
	International},
  year = {2007},
  pages = {3190--3193},
  month = {23-28 July},
  doi = {10.1109/IGARSS.2007.4423523},
  owner = {Administrador},
  timestamp = {2008.08.19}
}

@ARTICLE{chen1999,
	author = {S. Chen},
	title = {Beta kernel estimators for density functions},
	journal = {Computational Statistics and Data Analysis},
	year = {1999},
	volume = {31},
	pages = {131--145},
	number = {2}
}

@ARTICLE{chensx2000,
  author = {Chen, S.},
  title = {Probability Density Functions estimation using {G}amma kernels},
  journal = {Annals of Institute Statistical Mathematics},
  year = {2000},
  volume = {52},
  pages = {471--480},
  number = {3}
}

@ARTICLE{chen93,
  author = {S.S. Chen and J.M. Keller and R.M. Crownover},
  title = {On the Calculation of Fractal Features from Images},
  journal = {Pattern Analysis and Machine Intelligence},
  year = {1993},
  volume = {15},
  pages = {1087--1090},
  number = {10}
}

@INPROCEEDINGS{spie98a,
  author = {Chomczimsky, W. and Mejail, M. and Jacobo-Berlles, J. and Varela,
	A. and Kornblit, F. and Frery, A. C.},
  title = {Classification of {SAR} images based on estimates of the parameters
	of the {GA0} distribution},
  booktitle = {Mathematical Modeling and Estimation Techniques in Computer Vision,
	vol. 3457},
  year = {1998},
  pages = {202--208},
  address = {USA},
  organization = {SPIE},
  publisher = {SPIE}
}

@INPROCEEDINGS{Cipolla90,
  author = {R. Cipolla and A. Blake},
  title = {The dynamic analysis of apparent contours.},
  booktitle = {Proceedings of the 3 rd Int. Conf. on Computer Vision},
  year = {1990},
  pages = {616--625}
}

@ARTICLE{Cohen1994,
  author = {Cohen, F.S. and Jin-Yinn Wang},
  title = {Part {I}: Modeling image curves using invariant 3-{D} object curve
	models-a path to 3-{D} recognition and shape estimation from image
	contours},
  journal = {IEEE Transactions on Pattern Analysis and Machine Intelligence},
  year = {1994},
  volume = {16},
  pages = {1--12},
  number = {1},
  month = {Jan.},
  doi = {10.1109/34.273721},
  owner = {Administrador},
  timestamp = {2007.03.29}
}

@INPROCEEDINGS{Cohen1992,
  author = {Cohen, F.S. and Wang, J.-Y.},
  title = {3-D recognition and shape estimation from image contours using invariant
	3-D object curve models},
  booktitle = {Computer Vision and Pattern Recognition, 1992. Proceedings CVPR '92.,
	1992 IEEE Computer Society Conference on},
  year = {1992},
  pages = {722--725},
  month = {15-18 June},
  doi = {10.1109/CVPR.1992.223190},
  owner = {Administrador},
  timestamp = {2007.03.29}
}

@ARTICLE{cohen91active,
  author = {L. D. Cohen},
  title = {On active contour models and balloons},
  journal = {Computer Vision, Graphics, and Image Processing. Image Understanding},
  year = {1991},
  volume = {53},
  pages = {211--218},
  number = {2}
}

@ARTICLE{DBLP:journals/pami/CohenC93,
  author = {L. D. Cohen and I. Cohen},
  title = {Finite-Element Methods for Active Contour Models and Balloons for
	2-D and 3-D Images.},
  journal = {IEEE Trans. Pattern Anal. Mach. Intell.},
  year = {1993},
  volume = {15},
  pages = {1131--1147},
  number = {11},
  bibsource = {DBLP, http://dblp.uni-trier.de},
  ee = {http://www.computer.org/tpami/tp1993/i1131abs.htm}
}

@ARTICLE{Conradsen2003,
  author = {Conradsen, K. and Nielsen, A. A. and Schou, J. and Skriver, H.},
  title = {A test statistic in the complex {W}ishart distribution and its application
etric {SAR} data},
  journal = {IEEE Transactions on Geoscience and Remote Sensing},
  year = {2003},
  volume = {41},
  pages = {4--19},
  number = {1},
  month = {Jan.},
  doi = {10.1109/TGRS.2002.808066},
  owner = {Administrador},
  timestamp = {2007.03.30}
}

@ARTICLE{Correia98,
  author = {A. H. Correia and C. C. Freitas and A. C. Frery and S. J. S. Sant'Anna},
  title = {A User Friendly Statistical System for Polarimetric {SAR} Image Classification},
  journal = {Revista de Teledetecci\'on},
  year = {1998},
  volume = {6},
  pages = {79--93},
  number = {10},
  month = {Dec.}
}

@ARTICLE{CribariFrerySilva:CSDA,
  author = {F. Cribari-Neto and A. C. Frery and M. F. Silva},
  title = {Improved Estimation of Clutter Properties in Speckled Imagery},
  journal = {Computational Statistics and Data Analysis},
  year = {2002},
  volume = {40},
  pages = {801--824},
  number = {4},
  abstract = {This paper's aim is to evaluate the effectivess of bootstrap methods
	in improving estimation of clutter properties in speckled imagery.
	Estimation is performed by standard maximum likelihood methods. We
	show that estimators obtained this way can be quite biased in finite
	samples, and develop bias correction schemes using bootstrap resampling.
	In particular, we propose a bootstrapping scheme which is an adaptation
	of that proposed by Efron (1990). The proposed bootstrap does not
	require the quantity of interest to have closed-form, as does Efron's
	original proposal. The adaptation we suggest is particularly important
	since the maximum likelihood estimator of interest does not have
	a closed-form. We show that this particular bootstrapping scheme
	outperforms alternative forms of bias reduction mechanisms, thus
	delivering more accurate inference. We also consider interval estimation
	using bootstrap methods, and show that a particular parametric bootstrap-based
	confidence interval is typically more reliable than both the asymptotic
	confidence interval and other bootstrap-based confidence intervals.
	An application to real data is presented and discussed.},
  doi = {10.1016/S0167-9473(02)00102-0},
  owner = {Juliana},
  timestamp = {2012.12.28}
}

@INPROCEEDINGS{6335611,
  author = {Yi Cui and Yamaguchi, Y. and Jian Yang},
  title = {Bayesian-based parameter estimation of {K} distribution using method
	of logarithmic cumulants},
  booktitle = {IEEE International Conference on Signal Processing, Communication
	and Computing (ICSPCC)},
  year = {2012},
  pages = {162--166},
  month = {aug.},
  doi = {10.1109/ICSPCC.2012.6335611},
  keywords = {Bayesian methods;Clutter;Equations;Estimation;Mathematical model;Shape;Synthetic
	aperture radar;Bayes methods;parameter estimation;radar detection;radar
	imaging;ships;statistical distributions;synthetic aperture radar;Bayesian-based
	parameter estimation;K distribution;RADARSAT-2 data;SAR images;closed-form
	Bayesian estimation;constant false alarm rate control;estimation
	accuracy;log-cumulant equation;logarithmic cumulants;noninvertible
	equations;sea clutter modeling;ship detection;synthetic aperture
	radar;Bayesian estimation;K distribution;constant false alarm rate;method
	of logarithmic cumulants;synthetic aperture radar;}
}

@ARTICLE{Dagsvik,
  author = {J. Dagsvik and Z. Jia and B. Vatne, W. Zu},
  title = {Is the {Pareto-L{\'e}vy} law a good representation of income distribution?},
  journal = {Empirical Economics},
  year = {2013},
  volume = {44},
  pages = {719--737},
  number = {2}
}

@INPROCEEDINGS{DZL05,
  author = {Congxia Dai and Yunfei Zheng and Xin Li},
  title = {Layered Representation for Pedestrian Detection and Tracking in Infrared
	Imagery},
  booktitle = {Computer Vision and Pattern Recognition, IEEE Computer Society Conference
	on},
  year = {2005},
  pages = {13--20},
  month = {June}
}

@ARTICLE{Jorgensen,
  author = {Danielsson, J. and Jorgensen, B. N. and Sarma, M. and de Vries, C.
	G.},
  title = {Comparing downside risk measures for heavy tailed},
  journal = {Economics Letters},
  year = {2006},
  volume = {92},
  pages = {202--208},
  number = {2}
}

@ARTICLE{Davidsonijrs,
  author = {Davidson, G. and Ouchi, K. and Saito, G. and Ishitsuka, N. and Mohri,
	K. and Uratsuka, S.).},
  title = {Single-look classification accuracy for polarimetric {SAR}},
  journal = {International Journal of Remote Sensing},
  year = {2006},
  volume = {27},
  pages = {5073--5080},
  number = {22},
  month = {Nov.}
}

@BOOK{DeBoor78,
  title = {A Practical Guide to Splines},
  publisher = {Springer Verlag},
  year = {1978},
  author = {DeBoor, C.A.}
}

@INPROCEEDINGS{Katz03b,
  author = {C. Delrieux and R. Katz},
  title = {Image Segmentation Through Automatic Fractal Dimension Classification},
  booktitle = {Argentine Symposium on Computing Technology},
  year = {2003},
  address = {Buenos Aires},
  publisher = {32 JAIIO, Jornadas Argentinas de Informática e Investigación Operativa},
  owner = {Administrador},
  timestamp = {2008.08.21}
}

@ARTICLE{Michele,
  author = {De Michele, C. and Salvadori, G.},
  title = {A Generalized Pareto intensity-duration model of storm rainfall exploiting
	2-Copulas},
  journal = {Journal of Geophysical Research: Atmospheres},
  year = {2003},
  volume = {108},
  pages = {n/a--n/a},
  number = {D2},
  doi = {10.1029/2002JD002534},
  issn = {2156-2202}
}

@INPROCEEDINGS{Dennis89,
  author = {Dennis, T.J. and Dessiripis, N.G.},
  title = {Fractal Modelling in Image Texture and analysis},
  booktitle = {IEEE Proceedings, 136F(5)},
  year = {1989},
  publisher = {IEEE}
}

@ARTICLE{devroye01,
  author = {L. Devroye},
  title = {Algorithms for generating discrete random variables with a given
	generating function or a given moment sequence},
  journal = {SIAM Journal on Scientific and Statistical Computing},
  year = {1991},
  volume = {12},
  pages = {107--126}
}

@BOOK{Devroye86,
  title = {Non-Uniform Random Variate Generation},
  publisher = {Springer Verlag},
  year = {1986},
  author = {Luc Devroye}
}

@ARTICLE{DiaconisZabel82,
  author = {P. Diaconis and S. L. Zabel.},
  title = {Updating subjetive probability.},
  journal = {American Statistical Association},
  year = {1982},
  volume = {77},
  pages = {822--830},
  owner = {Juliana},
  timestamp = {2013.06.04}
}

@ARTICLE{Dierking2006,
  author = {Dierking, W. and Busche, T.},
  title = {Sea ice monitoring by L-band {SAR}: an assessment based on literature
	and comparisons of JERS-1 and ERS-1 imagery},
  journal = {Geoscience and Remote Sensing, IEEE Transactions on},
  year = {2006},
  volume = {44},
  pages = {957--970},
  number = {4},
  month = {April},
  doi = {10.1109/TGRS.2005.861745},
  owner = {Administrador},
  timestamp = {2007.04.24}
}

@ARTICLE{Dierking2002,
  author = {Dierking, W. and Skriver, H.},
  title = {Change detection for thematic mapping by means of airborne multitemporal
	polarimetric {SAR} imagery},
  journal = {Geoscience and Remote Sensing, IEEE Transactions on},
  year = {2002},
  volume = {40},
  pages = {618--636},
  number = {3},
  month = {March},
  doi = {10.1109/TGRS.2002.1000322},
  owner = {Administrador},
  timestamp = {2007.04.24}
}

@INPROCEEDINGS{Dierking03,
  author = {Dierking, W. and Skriver, H. and Gudmandsen,P.},
  title = {{SAR} {P}olarimetric for {S}ea {I}ce {M}onitoring},
  booktitle = {ESA POlInSAR workshop, ESRIN},
  year = {2003}
}

@ARTICLE{du02,
  author = {Du, G. and Yeo, T. S.},
  title = {A {N}ovel {M}ultifractal {E}stimation {M}ethod and its {A}pplication
	to {R}emote {I}mage {S}egmentation},
  journal = {IEEE Trans. Geosci. Remote Sensing},
  year = {2002},
  volume = {40},
  pages = {980--982},
  numero = {4}
}

@ARTICLE{bb3595,
  author = {Duarte Carvajalino, J.M. and Sapiro, G. and Velez Reyes, M. and Castillo,
	P.E.},
  title = {Multiscale Representation and Segmentation of Hyperspectral Imagery
	Using Geometric Partial Differential Equations and Algebraic Multigrid
	Methods},
  journal = IEEE # TRansactions # on # Geoscience # and # Remote # Sensing,
  year = {2008},
  volume = {46},
  pages = {2418--2434},
  number = {8},
  month = {August},
  bibsource = {http://www.visionbib.com/bibliography/compute55.html#TT3196}
}

@INPROCEEDINGS{Dumitras01,
  author = {A. Dumitras and A. Venetsanopoulos},
  title = {A comparative study of snake models with applicationsto object shape
	description in bi-level and grey-level images.},
  booktitle = {EURASIP, Workshop on non-linear Sgnal and Image Processing},
  year = {2001},
  publisher = {IEEE}
}

@BOOK{curitiba93,
  title = {Alguns aspectos de modelagem estat\'{\i}stica de dados de sensoriamento
	remoto},
  publisher = {INPE},
  year = {1993},
  author = {Dutra, L. V. and Frery, A. C. and T. Krug and N. D. A. Mascarenhas
	and S. J. S. Sant'Anna and Yanasse, C. C. F.},
  address = {S\~ao Jos\'e dos Campos, SP, Brazil},
  note = {Notas de curso do Simp\'osio Brasileiro de Sensoriamento Remoto,
	7.}
}

@INPROCEEDINGS{WAD07,
  author = {Elizatbeth Wentz, Sharolyn Anderson and Claudio Delrieux},
  title = {The fractal dimension of land use and land cover},
  booktitle = {American Society for Photogrammetry and Remote Sensing},
  year = {2007},
  month = {March}
}

@ARTICLE{Falcao1998,
  author = {A. X. Falc{\~a}o and J. K. Udupa and S. Samarasekera and S. Sharma
	and B. E. Hirsch and R. {de A.} Lotufo},
  title = {User-Steered Image Segmentation Paradigms: {Live Wire} and {Live
	Lane}},
  journal = {Graphical Models and Image Processing},
  year = {1998},
  volume = {60},
  pages = {233--260},
  doi = {10.1006/gmip.1998.0475}
}

@BOOK{falconer90,
  title = {Fractal Geometry: Mathematical Foundations and Applications},
  publisher = {John Wiley \& Sons, Chichester, England},
  year = {1990},
  author = {K. Falconer}
}

@BOOK{farin90,
  title = {Curves and {S}urfaces for {C}omputer {A}ided {G}eometrical {D}esign},
  publisher = {Academic Press},
  year = {1990},
  author = {G. Farin},
  address = {Boston, USA}
}

@ARTICLE{Farrouki2005,
  author = {Farrouki, A. and Barkat, M.},
  title = {Automatic censoring {CFAR} detector based on ordered data variability
	for nonhomogeneous environments},
  journal = {IEE Proceedings in Radar, Sonar and Navigation},
  year = {2005},
  volume = {152},
  pages = {43--51},
  number = {1},
  doi = {10.1049/ip-rsn:20045006},
  issn = {1350-2395},
  keywords = {probability;radar clutter;radar detection;statistical analysis;ACCA;CFAR
	detector;ODV;automatic censored cell averaging;constant false alarm
	rate;hypothesis test;index statistic;nonhomogeneous background environment;ordered
	data variability;shape parameter;two-level architecture;}
}

@ARTICLE{DBLP:journals/tip/FaugerasK98,
  author = {O. D. Faugeras and Renaud Keriven},
  title = {Variational principles, surface evolution, PDEs, level set methods,
	and the stereo problem.},
  journal = {IEEE Transactions on Image Processing},
  year = {1998},
  volume = {7},
  pages = {336--344},
  number = {3}
}

@BOOK{fellerv2,
  title = {An Introduction to Probability Theory and Its Applications, Volume
	2},
  publisher = {John Wiley and Sons, INC},
  year = {1971},
  author = {Feller, W.},
  edition = {Second}
}

@INPROCEEDINGS{DBLP:conf/cvpr/Felzenszwalb03,
  author = {Pedro F. Felzenszwalb},
  title = {Representation and {D}etection of {D}eformable {S}hapes.},
  booktitle = {CVPR (1)},
  year = {2003},
  pages = {102--108}
}

@INPROCEEDINGS{Ferro-potier03,
  author = {L. Ferro-Famil and D. Corr and E. Pottier and A. Rodrigues},
  title = {Statistical Segmentation of Polarimetric {SAR} Data.},
  booktitle = {POLinSAR 2003, Workshop on aplications of {SAR} polarimetry and polarimetric
	interferometry},
  year = {2003}
}

@ARTICLE{Ferro01,
  author = {Ferro-Famil, L. and Lee, J.},
  title = {Unsupervised {C}lassification of {M}ultifrequency and {F}ully {P}olarimetric
	{SAR} {I}mages Based on the {H}-{A}-{A}lpha-{W}ishart {C}lassifier},
  journal = {IEEE Trans. Geosci. Remote Sensing},
  year = {2001},
  volume = {39},
  pages = {2332--2342},
  numero = {11}
}

@INPROCEEDINGS{Ferro-Famil2001b,
  author = {Ferro-Famil, L. and Reigber, A. and Pottier, E. and Boerner, W.M.},
  title = {Multi-baseline polarimetric {SAR} data classification using the complex
	{W}ishart distribution and principal component analysis},
  booktitle = {Geoscience and Remote Sensing Symposium, 2001. IGARSS '01. IEEE 2001
	International},
  year = {2001},
  volume = {6},
  pages = {2712--2714vol.6},
  month = {9-13 July},
  doi = {10.1109/IGARSS.2001.978138},
  owner = {Administrador},
  timestamp = {2007.04.24}
}

@ARTICLE{Figuei-jaim00,
  author = {M{\'a}rio A. T. Figueiredo and Jos{\'e} M. N. Leit{\~a}o and Anil
	K. Jain},
  title = {Unsupervised Contour Representation and Estimation Using B-Splines
	and Band a minimum description lenght Criterion.},
  journal = {IEEE Trans. on Image Proces.},
  year = {2000},
  volume = {9},
  pages = {1075--1087},
  numero = {6}
}

@INPROCEEDINGS{FigueiredoLJ97,
  author = {M{\'a}rio A. T. Figueiredo and Jos{\'e} M. N. Leit{\~a}o and Anil
	K. Jain},
  title = {Adaptive B-Splines and Boundary Estimation.},
  booktitle = {CVPR},
  year = {1997},
  pages = {724--730}
}

@PHDTHESIS{fjortoft99,
  author = {R. Fjortoft},
  title = {Segmentation deimages radar par d�tection de contours},
  school = {CESBIO-LIMA/ENSEEIHT, Intitut National Polytechnique de Toulouse,
	France},
  year = {1999}
}

@ARTICLE{1198658,
  author = {Fjortoft, R. and Delignon, Y. and Pieczynski, W. and Sigelle, M.
	and Tupin, F.},
  title = {Unsupervised classification of radar images using hidden {M}arkov
	chains and hidden {M}arkov random fields},
  journal = {Geoscience and Remote Sensing, IEEE Transactions on},
  year = {2003},
  volume = {41},
  pages = { 675--686},
  number = {3},
  month = {march},
  doi = {10.1109/TGRS.2003.809940},
  issn = { 0196-2892},
  keywords = {Gaussian distribution;Hidden Markov models;Image analysis;Iterative
	methods;Radar imaging;Radar remote sensing;Reflectivity;Satellites;Speckle;Stochastic
	processes; geophysical signal processing; geophysical techniques;
	hidden Markov models; image classification; radar imaging; remote
	sensing by radar; terrain mapping; Hilbert-Peano scan; geophysical
	measurement technique; hidden Markov chains; hidden Markov models;
	hidden Markov random fields; image classification; land surface;
	mixture estimation; radar images; radar imaging; radar remote sensing;
	terrain mapping; unsupervised classification;}
}

@ARTICLE{fjortoftlopes,
  author = {Fjortoft, R. and Lopes, A. and Bruniquel, J. and Marthon, P.},
  title = {Optimal {E}dege {D}etection and {E}dge {L}ocalization in complex
	{SAR} {I}mages with {C}orrelated {S}peckle},
  journal = {IEEE Trans. Geosci. Remote Sensing},
  year = {1999},
  volume = {37},
  numero = {9}
}

@ARTICLE{fjortoftlopesmarton98,
  author = {Fjortoft, R. and Lopes, A. and Marthon, P. and Cubero-Castan, E.},
  title = {An {O}ptimun {M}ultiedege {D}etector for {SAR} {I}mage {S}egmetation},
  journal = {IEEE Trans. Geosci. Remote Sensing},
  year = {1998},
  volume = {37},
  numero = {9}
}

@INPROCEEDINGS{DBLP:conf/icip/FlicknerHRS94,
  author = {Myron Flickner and James L. Hafner and Eduardo J. Rodr\'{\i}guez
	and Jorge L. C. Sanz},
  title = {Fast Least-Squares Curve Fitting using Quasi-Orthogonal Splines.},
  booktitle = {ICIP (1)},
  year = {1994},
  pages = {686--690},
  bibsource = {DBLP, http://dblp.uni-trier.de}
}

@BOOK{foley94,
  title = {Introduction to {C}omputer {G}raphics},
  publisher = {Addison Wesley},
  year = {1994},
  author = {Foley, J. D. and Van Dam, A. and Feiner, S. K. and Hughes, J. F.
	and Phillips, R. L.},
  address = {Reading, MA, USA}
}

@INPROCEEDINGS{correiasantos,
  author = {Freitas, C. C. and Correia, A. and Frery, A. C. and Sant'Anna, S.
	J. S.},
  title = {A System for Multilook Polarimetric {SAR} Image Statistical Classification},
  booktitle = {Second Latinoamerican Seminar on Radar Remote Sensing: Image Processing
	Techniques},
  year = {1998},
  pages = {141--148},
  address = {Santos, SP, Brazil},
  month = {Sept.},
  publisher = {European Space Agency (ESA)}
}

@PHDTHESIS{frery93tese,
  author = {Frery, A. C.},
  title = {Algumas ferramentas estat\'{\i}sticas na s\'{\i}ntese, an\'alise
	e processamento de imagens de radar de abertura sint\'etica},
  school = {Instituto Nacional de Pesquisas Espaciais},
  year = {1993},
  address = {S\~ao Jos\'e dos Campos, SP, Brazil}
}

@BOOK{buenosaires92,
  title = {Processamento estoc\'astico de imagens},
  publisher = {Universidad Nacional de Buenos Aires},
  year = {1992},
  author = {Frery, A. C.},
  note = {Notas de curso da Escuela de Ciencias Inform\'aticas '92}
}

@ARTICLE{eurbfis91,
  author = {Frery, A. C.},
  title = {Monte {C}arlo determination of the convergence time of two cluster-flip
	algorithms in the {I}sing model},
  journal = {Revista Brasileira de F\'{i}sica},
  year = {1991},
  volume = {21},
  pages = {482--491},
  number = {4}
}

@INPROCEEDINGS{FreryCand:1994:OI1,
  author = {Frery, A. C. and Candeias, A. L. B.},
  title = {On the improvement of 1-look {SAR} image segmentations with mathematical
	morphology},
  booktitle = {Image and Signal Processing for Remote Sensing},
  year = {1994},
  editor = {J. Desachy},
  pages = {245--255},
  address = {Bellingham, Washington, USA},
  month = {September},
  organization = {EUROPTO},
  publisher = {SPIE--The International Society for Optical Engineering},
  note = {SPIE vol. 2315}
}

@ARTICLE{6377288,
  author = {A. C. Frery and R. J. Cintra and Nascimento, A. D. C.},
  title = {Entropy-based Statistical Analysis of {PolSAR} Data},
  journal = {IEEE Transactions on Geoscience and Remote Sensing},
  year = {in press},
  volume = {51},
  number = {6},
  arxiv = {1210.4154},
  doi = {10.1109/TGRS.2012.2222029}
}

@ARTICLE{resenhas99,
  author = {A. C. Frery and A. H. Correia and C. D. Renn{\'o} and C. C. Freitas
	and J. Jacobo-Berlles and M. E. Mejail and K. L. P. Vasconcellos},
  title = {Models for {S}ynthetic {A}perture {R}adar {I}mage {A}nalysis},
  journal = {Resenhas (IME-USP)},
  year = {1999},
  volume = {4},
  pages = {45--77},
  number = {1}
}

@ARTICLE{FreryCribariSouza:JASP:04,
  author = {A. C. Frery and F. Cribari-Neto and M. O. Souza},
  title = {Analysis of Minute Features in Speckled Imagery with Maximum Likelihood
	Estimation},
  journal = {EURASIP Journal on Advances in Signal Processing},
  year = {2004},
  volume = {2004},
  pages = {2476--2491},
  number = {16},
  abstract = {This paper deals with numerical problems arising when performing maximum
	likelihood parameter estimation in speckled imagery using small samples.
	The noise that appears in images obtained with coherent illumination,
	as is the case of sonar, laser, ultrasound-B, and synthetic aperture
	radar, is called speckle, and it can neither be assumed Gaussian
	nor additive. The properties of speckle noise are well described
	by the multiplicative model, a statistical framework from which stem
	several important distributions. Amongst these distributions, one
	is regarded as the universal model for speckled data, namely, the
	G0 law. This paper deals with amplitude data, so the GA0 distribution
	will be used. The literature reports that techniques for obtaining
	estimates (maximum likelihood, based on moments and on order statistics)
	of the parameters of the GA0 distribution require samples of hundreds,
	even thousands, of observations in order to obtain sensible values.
	This is verified for maximum likelihood estimation, and a proposal
	based on alternate optimization is made to alleviate this situation.
	The proposal is assessed with real and simulated data, showing that
	the convergence problems are no longer present. A Monte Carlo experiment
	is devised to estimate the quality of maximum likelihood estimators
	in small samples, and real data is successfully analyzed with the
	proposed alternated procedure. Stylized empirical influence functions
	are computed and used to choose a strategy for computing maximum
	likelihood estimates that is resistant to outliers.},
  doi = {10.1155/S111086570440907X}
}

@ARTICLE{FreryFerreroBustosIJRS_FinalFinal2008,
  author = {A. C. Frery and S. Ferrero and O. H. Bustos},
  title = {The Influence of Training Errors, Context and Number of Bands in
	the Accuracy of Image Classification},
  journal = {International Journal of Remote Sensing},
  year = {2009},
  volume = {30},
  pages = {1425--1440},
  number = {6},
  abstract = {We present the assessment of two classification procedures using a
	Monte Carlo experience and Landsat data. Classification performance
	is hard to assess with generality due to the huge number of variables
	involved. We consider the problem of classifying multispectral optical
	imagery with pointwise Gaussian Maximum Likelihood (ML) and contextual
	ICM (Iterated Conditional Modes), with and without errors in the
	training stage. Two experimental setups were considered in order
	to assess the influence of using partial and low quality information
	and to make a quantitative comparison of ML and ICM in real situations.
	Using simulation the ground truth is known and, therefore, precise
	comparisons are possible. The contextual approach proved being superior
	than the pointwise one, at the expense of requiring more computational
	resources, with both real and simulated data. Pseudolikelihood parameter
	estimation for the context is used, and we provide the expression
	for estimating this parameter when using the multiclass Potts model
	with eight neighbours. Quantitative and qualitative results are discussed.},
  doi = {10.1080/01431160802448919}
}

@ARTICLE{freryun99,
  author = {A. C. Frery and C. C. Freitas and S. J. S. Sant'Anna and C. D. Renn{\'o}},
  title = {Statistical Properties of {SAR} Data and their Consequences},
  journal = {Seminars of the United Nations Programme on Space Applications},
  year = {1999},
  volume = {10},
  pages = {53--62}
}

@INPROCEEDINGS{freryluccaigarss99,
  author = {A. C. Frery and E. D. V. Lucca and C. C. Freitas and S. J. S. Sant'Anna},
  title = {{SAR} Segmentation Algorithms: A Quantitative Assessment},
  booktitle = {International Geoscience and Remote Sensing Symposium: Remote Sensing
	of the System Earth -- A Challenge for the 21st Century},
  year = {1999},
  pages = {1--3},
  address = {Hamburg, Germany},
  organization = {IEEE},
  publisher = {IEEE},
  note = {CD-ROM}
}

@ARTICLE{Frery97,
  author = {A. C. Frery and H.J. M{\"u}ller and C. C. F. Yanasse and S. J. S. Sant'Anna},
  title = {A model for extremely heterogeneous clutter},
  journal = {IEEE Transactions on Geoscience and Remote Sensing},
  year = {1997},
  volume = {35},
  pages = {648--659},
  number = {3}
}

@INPROCEEDINGS{frerycuritiba93,
  author = {Frery, A. C. and Sant'Anna, S. J. S.},
  title = {Redu\c c\~ao de Ru\'{\i}do Em Imagens {SAR} Pelo Uso de Filtros Robustos},
  booktitle = {Simp\'osio Brasileiro de Sensoriamento Remoto, 7.},
  year = {1993},
  volume = {3},
  pages = {433--443},
  address = {Curitiba, PR, Brazil},
  publisher = {INPE}
}

@INPROCEEDINGS{freryrecife93,
  author = {Frery, A. C. and Sant'Anna, S. J. S.},
  title = {Non-adaptive robust filters for speckle noise reduction},
  booktitle = {Simp\'osio Brasileiro de Computa\c c\~ao Gr\'afica e Processamento
	de Imagens, 6.},
  year = {1993},
  pages = {165--174},
  address = {Recife, PE, Brazil},
  publisher = {SBC/UFPE}
}

@ARTICLE{asp98,
  author = {Frery, A. C. and Sant'Anna, S. J. S. and Mascarenhas, N. D. A. and
	Bustos, O. H.},
  title = {Robust inference techniques for speckle noise reduction in 1-look
	amplitude {SAR} images},
  journal = {Applied Signal Processing},
  year = {1997},
  volume = {4},
  pages = {61--76}
}

@INPROCEEDINGS{florence,
  author = {Frery, A. C. and Yanasse, C. C. F. and Sant'Anna, S. J. S.},
  title = {Alternative distributions for the multiplicative model in {SAR} images},
  booktitle = {Quantitative remote sensing for science and applications},
  year = {1995},
  pages = {169--171},
  address = {Florence},
  month = {Jul.},
  publisher = {IEEE},
  note = {IGARSS'95 Proc.}
}

@INPROCEEDINGS{mexico,
  author = {Frery, A. C. and Yanasse, C. C. F. and Sant'Anna, S. J. S.},
  title = {Statistical characterization of {SAR} data: the multiplicative model
	and extensions},
  booktitle = {Latinoam\'erica evaluada desde el espacio},
  year = {1995},
  pages = {502--515},
  address = {Mexico},
  month = {Nov.},
  organization = {SELPER}
}

@INPROCEEDINGS{eupedroetal97,
  author = {Frery, A. C. and Yanasse, C. C. F. and Vieira, P. R. and Sant'Anna,
	S. J. S. and Renn{\'o}, C. D.},
  title = {A user-friendly system for synthetic aperture radar image classification
	based on grayscale distributional properties and context},
  booktitle = {Simp\'osio Brasileiro de Computa\c c\~ao Gr\'afica e Processamento
	de Imagens},
  year = {1997},
  number = {10},
  pages = {211--218},
  address = {Los Alamitos, CA},
  publisher = {IEEE Computer Society}
}

@INPROCEEDINGS{Frost82,
  author = {Frost,V. and Shanmugan, K. and Holtzman J.},
  title = {Edge Detection for {SAR} and other noisy images},
  booktitle = {GeoScience Remote Sensing Symp. vol. FA2},
  year = {1982},
  pages = {4.1-4.9},
  address = {Munich, Germany}
}

@INPROCEEDINGS{5430256,
  author = {Gacsadi, Alexandru and Szolgay, Peter},
  title = {Variational computing based segmentation methods for medical imaging
	by using CNN},
  booktitle = {Cellular Nanoscale Networks and Their Applications (CNNA), 2010 12th
	International Workshop on},
  year = {2010},
  pages = {1--6},
  month = {feb.},
  doi = {10.1109/CNNA.2010.5430256}
}

@PHDTHESIS{GambiniThesis06,
  author = {Juliana Gambini},
  title = {Modelos de {S}egmentaci\'on basados en {R}egiones y {C}ontornos {A}ctivos
	aplicados a Im�genes de {SAR}},
  school = {Universidad de Buenos Aires},
  year = {2006}
}

@ARTICLE{gambini2015,
  author = {J. Gambini and  J. Cassetti  and  M. Lucini  and A. Frery},
  title = {Parameter Estimation in {SAR} Imagery using Stochastic Distances
	and Asymmetric Kernel},
  journal = {IEEE Journal of Selected Topics in Applied Earth Observations and
	Remote Sensing},
  year = {2015},
  volume = {8},
  pages = {365--375},
  owner = {Juliana},
  timestamp = {2014.08.27}
}

@ARTICLE{GambiniSC08,
  author = {J. Gambini and M. Mejail and J. Jacobo-Berlles and A. Frery},
  title = {Accuracy of Local Edge Detection in Speckled Imagery},
  journal = {Statistics \& Computing},
  year = {2008},
  volume = {18},
  pages = {15--26},
  number = {1}
}

@INPROCEEDINGS{GMBCAJS,
  author = {J. Gambini and M. Mejail and M.E Buemi and E. Castro and H. Abbate
	and J. Jacobo-Berlles and J.M. Santos},
  title = {LandMine Detection using B-Spline Deformable Contours in IR images},
  booktitle = {SPIE, Defense and Security symposium. Detection and Remediation Technologies
	for Mines and Minelike Targets XII},
  year = {2007},
  volume = {6553},
  month = {April}
}

@INPROCEEDINGS{GambiniSibgrapi2005,
  author = {J. Gambini and M. Mejail and J. Jacobo-Berlles and A. C. Frery},
  title = {Polarimetric {SAR} Region Boundary Detection using {B}-spline Deformable
	Countours under the {GH} Model},
  booktitle = {Proceedings XVIII Brazilian Symposium on Computer Graphics and Image
	Processing (SIBGRAPI)},
  year = {2005},
  pages = {197--204},
  address = {Natal, RN, Brazil},
  publisher = {IEEE Computer Press},
  doi = {10.1109/SIBGRAPI.2005.39},
  owner = {frery},
  timestamp = {2007.03.25}
}

@INPROCEEDINGS{GamMejDel04,
  author = {Gambini, M. J. and Mejail, M. and Jacobo-Berlles, J. and Delrieux,
	C.},
  title = {{SAR} images Segmentation through B-spline Deformable Contours and
	Fractal Dimension},
  booktitle = {International Society for Photogrammetry and Remote Sensing, ISPRS04},
  year = {2004},
  address = {Istambul, Turkey}
}

@INPROCEEDINGS{Gambini04,
  author = {Gambini, M. J. and Mejail, M. and Jacobo-Berlles, J. C. and Muller,
	H. and Frery, A. C.},
  title = {Automatic Contour Detection in {SAR} Images},
  booktitle = {Proceedings EUSAR04},
  year = {2004}
}

@ARTICLE{Gao2010,
  author = {Gao, G.},
  title = {Statistical Modeling of {SAR} Images: A Survey},
  journal = {Sensors},
  year = {2010},
  volume = {10},
  pages = {775--795},
  number = {1},
  issn = {1424-8220},
  owner = {Juliana},
  pubmedid = {22315568},
  timestamp = {2013.02.05}
}

@PHDTHESIS{Germain01,
  author = {Oliver Germain},
  title = {Edge detection and localization in {SAR} images: a comparative study
	of global filtering and active contour approaches},
  school = {Universit\'{e} de Droit, d�Economie et des Science d�Aix-Marseille},
  year = {2001}
}

@ARTICLE{GermainR01,
  author = {Olivier Germain and Philippe R{\'e}fr{\'e}gier},
  title = {Statistical {A}ctive {G}rid for {S}egmentation {R}efinement.},
  journal = {Pattern Recognition Letters},
  year = {2001},
  volume = {22},
  pages = {1125--1132},
  number = {10},
  bibsource = {DBLP, http://dblp.uni-trier.de}
}

@ARTICLE{Germain,
  author = {Oliver Germain and P. R�fr�gier},
  title = {Edge location in {SAR} {I}mages: {P}erformance of the {L}ikelihood
	{R}atio {F}ilter and {A}ccuracy {I}mprovement with an {A}ctive {C}ontour
	{A}pproach},
  journal = {IEEE Transaction on Image Processing},
  year = {2001},
  volume = {10},
  number = {1}
}

@ARTICLE{Guierull:2004,
  author = {C. Gierull},
  title = {Statistical analysis of multilook {SAR} interferograms for {CFAR}
	detection of ground moving targets},
  journal = {IEEE Transactions on Geoscience and Remote Sensing},
  year = {2004},
  volume = {42},
  pages = {691--701},
  number = {2}
}

@ARTICLE{Gne,
  author = {Gnedenko, B.},
  title = {Sur La Distribution Limite Du Terme Maximum D'Une Serie Aleatoire},
  journal = {Annals of Mathematics},
  year = {1943},
  volume = {44},
  pages = {pp. 423--453},
  number = {3},
  copyright = {Copyright � 1943 Annals of Mathematics},
  issn = {0003486X},
  jstor_formatteddate = {Jul., 1943},
  language = {English},
  publisher = {Annals of Mathematics},
  series = {Second Series},
  url = {http://www.jstor.org/stable/1968974}
}

@BOOK{Gonzales96,
  title = {Tratamiento {D}igital de {I}m�genes},
  publisher = {Addison Wesley- Diaz de Santos},
  year = {1996},
  author = {Gonz�lez, R.C. and Woods, R.}
}

@BOOK{goodman85,
  title = {Satatistical Optics, Pure and Applied Optics},
  publisher = {Wiley},
  year = {1985},
  author = {Goodman, J. W.},
  address = {New York, USA}
}

@ARTICLE{Goodman76,
  author = {Goodman, J. W. },
  title = {Some {F}undamental {P}roperties of {S}peckle},
  journal = {Journal of the Optical Society of America},
  year = {1976},
  volume = {66},
  pages = {1145--1150}
}

@ARTICLE{Goodman63a,
  author = {Goodman, N. R },
  title = {Statistical {A}nalysis based on a certain complex {G}aussian distribution(an
	{I}ntroduction)},
  journal = {Annals of Mathematical Statistics},
  year = {1963},
  volume = {34},
  pages = {152--177}
}

@ARTICLE{Goodman63b,
  author = {Goodman, N. R },
  title = {The {D}istribution of the {D}eterminant of a {C}omplex {W}ishart
	{D}istribuited {M}atrix},
  journal = {Annals of Mathematical Statistics},
  year = {1963},
  volume = {34},
  pages = {178--180}
}

@ARTICLE{gordonritcey,
  author = {Gordon, S. D. and Ritcey, J. A.},
  title = {Calculating the {K}-distribution by saddlepoint integration},
  journal = {IEE Proceedings in Radar, Sonar and Navigation},
  year = {1995},
  volume = {142},
  pages = {162--166},
  number = {4},
  month = {August}
}

@INPROCEEDINGS{Goudail2003,
  author = {Goudail, F. and Galland, F. and Refregier, P.},
  title = {A general framework for designing image processing algorithms for
	coherent polarimetric images},
  booktitle = {ICIP 2003 Proceedings (2003 International Conference on Image Processing)},
  year = {2003},
  volume = {3},
  pages = {153--6},
  month = {14-17 Sept.},
  doi = {10.1109/ICIP.2003.1247204},
  file = {01300565.pdf:C\:\\paper_geoscien\\papers\\01300565.pdf:PDF},
  owner = {Administrador},
  timestamp = {2007.03.22}
}

@ARTICLE{Goudail2004,
  author = {Goudail, F. and Refregier, P.},
  title = {Contrast definition for optical coherent polarimetric images},
  journal = {IEEE Transactions on Pattern Analysis and Machine Intelligence},
  year = {2004},
  volume = {26},
  pages = {947--951},
  number = {7},
  month = {July},
  doi = {10.1109/TPAMI.2004.22},
  owner = {Administrador},
  timestamp = {2007.03.22}
}

@INPROCEEDINGS{Goudail2001,
  author = {Goudail, F. and Refregier, P.},
  title = {Target detection and segmentation in coherent active polarimetric
	images},
  booktitle = {Proceedings. International Conference on Image Processing},
  year = {2001},
  volume = {3},
  pages = {632--635vol.3},
  month = {7-10 Oct.},
  doi = {10.1109/ICIP.2001.958198},
  owner = {Administrador},
  timestamp = {2007.03.22}
}

@BOOK{Gradshteyn80,
  title = {Table of Integrals, Series and Products},
  publisher = {Academic Press},
  year = {1980},
  author = {I. S. Gradshteyn and I. M. Ryzhik},
  address = {New York}
}

@ARTICLE{grayson87,
  author = {Grayson, M.},
  title = {The heat equation shrinks embedded plane curves to round points},
  journal = {Diff. Geom},
  year = {1987},
  volume = {26},
  number = {285}
}

@ARTICLE{Gre,
  author = {Green, R. F.},
  title = {Outlier-prone and outlier-resistant distributions},
  journal = {American Statistical Association},
  year = {1976},
  volume = {71},
  pages = {502--505},
  number = {354},
  fjournal = {Journal of the American Statistical Association},
  issn = {0162-1459}
}

@ARTICLE{Gre2,
  author = {Green, R. F.},
  title = {A note on outlier-prone families of distributions},
  journal = {Ann. Statist.},
  year = {1974},
  volume = {2},
  pages = {1293--1295},
  fjournal = {The Annals of Statistics},
  issn = {0090-5364}
}

@ARTICLE{DBLP:journals/pr/GuT00,
  author = {Yu-Hua Gu and Tardi Tjahjadi},
  title = {Coarse-to-fine planar object identification using invariant curve
	features and B-spline modeling.},
  journal = {Pattern Recognition},
  year = {2000},
  volume = {33},
  pages = {1411--1422},
  number = {9},
  bibsource = {DBLP, http://dblp.uni-trier.de},
  ee = {http://dx.doi.org/10.1016/S0031-3203(99)00131-4}
}

@ARTICLE{DBLP:journals/tsmc/GuT99,
  author = {Yu-Hua Gu and Tardi Tjahjadi},
  title = {Efficient planar object tracking and parameter estimation using compactly
	represented cubic B-spline curves.},
  journal = {IEEE Transactions on Systems, Man, and Cybernetics, Part A},
  year = {1999},
  volume = {29},
  pages = {358--367},
  number = {4},
  bibsource = {DBLP, http://dblp.uni-trier.de}
}

@INPROCEEDINGS{Guillaso2005a,
  author = {Guillaso, S. and Reigber, A. and Ferro-Famil, L.},
  title = {Evaluation of the ESPRIT approach in polarimetric interferometric
	SAR},
  booktitle = {Geoscience and Remote Sensing Symposium, 2005. IGARSS '05. Proceedings.
	2005 IEEE International},
  year = {2005},
  volume = {1},
  pages = {4pp.},
  month = {25-29 July},
  doi = {10.1109/IGARSS.2005.1526096},
  owner = {Administrador},
  timestamp = {2007.04.24}
}

@ARTICLE{Haker2000,
  author = {Haker,S. and Sapiro, G. and Tannenbaum, A. },
  title = {Knowledge based {S}egmentation of {SAR} data with {L}earned {P}riors},
  journal = {IEEE Trans. Pattern Anal. Machine Intel.},
  year = {2000},
  volume = {9},
  pages = {299--301}
}

@INPROCEEDINGS{DBLP:conf/icip/HakerSTW01,
  author = {Steven Haker and Guillermo Sapiro and Allen Tannenbaum and Don Washburn},
  title = {Missile tracking using knowledge-based adaptive thresholding.},
  booktitle = {ICIP (1)},
  year = {2001},
  pages = {786--789},
  bibsource = {DBLP, http://dblp.uni-trier.de},
  ee = {http://dx.doi.org/10.1109/ICIP.2001.959163}
}

@ARTICLE{Bohyung2008,
  author = {Bohyung Han and Comaniciu, D. and Ying Zhu and Davis, L.S.},
  title = {Sequential Kernel Density Approximation and Its Application to Real-Time
	Visual Tracking},
  journal = {IEEE Transactions on Pattern Analysis and Machine Intelligence},
  year = {2008},
  volume = {30},
  pages = {1186--1197},
  number = {7},
  owner = {Juliana},
  timestamp = {2013.12.09}
}

@ARTICLE{Hsiao89,
  author = {Hasiao, J. Y and Sawchuk, A.},
  title = {Supervised Texture Segmentation using Feature Smoothing and Probabilistic
	Relaxation Techniques},
  journal = {Pattern Analysis and Machine Intelligence, IEEE Transactions on},
  year = {1989},
  volume = {11},
  pages = {1279--1292}
}

@INPROCEEDINGS{DBLP:conf/iccv/HavaldarM95,
  author = {Parag Havaldar and G{\'e}rard G. Medioni},
  title = {Segmented Shape Descriptions from 3-View Stereo.},
  booktitle = {ICCV},
  year = {1995},
  pages = {102--108},
  bibsource = {DBLP, http://dblp.uni-trier.de},
  ee = {http://computer.org/proceedings/iccv/7042/70420102abs.htm}
}

@ARTICLE{Hayakawa,
  author = {M. Hayakawa},
  title = {The applications of {Pareto's} law of income to Japanese data},
  journal = {Journal of Econometric Society},
  year = {1951},
  volume = {19},
  pages = {174--183},
  number = {2}
}

@ARTICLE{pareto1,
  author = {M. Hayakawa},
  title = {The applications of Pareto's law of income to Japanese data},
  journal = {Journal of Econometric Society},
  year = {1951},
  volume = {19},
  number = {2}
}

@INPROCEEDINGS{HS07,
  author = {Hoegner, Ludwig and Stilla, Uwe},
  title = {Texture extraction for building models from IR sequences of urban
	areas},
  booktitle = {IEEE Urban Remote Sensing Joint Event},
  year = {2007},
  pages = {1--6},
  month = {April}
}

@INPROCEEDINGS{HongMoon03,
  author = { S. Hong and W. Moon},
  title = {Application of Gaussian {M}arkov random field model to unsupervised
	classification in polarimetric {SAR} image.},
  booktitle = {IGARSS},
  year = {2003},
  pages = {929--931},
  month = {July}
}

@INPROCEEDINGS{Horn1998,
  author = {Horn, R.},
  title = {{E-SAR}: The Experimental Airborne {L}/{C}-band {SAR} System Of {DFVLR}},
  booktitle = {Geoscience and Remote Sensing Symposium},
  year = {1998},
  volume = {2},
  pages = {1025--1026},
  organization = {IEEE Press}
}

@INPROCEEDINGS{ESAR,
  author = {R. Horn},
  title = {The {DLR} airborne {SAR} project {E-SAR}},
  booktitle = {Geoscience and Remote Sensing Symposium},
  year = {1996},
  volume = {3},
  pages = {1624--1628},
  publisher = {IEEE Press},
  doi = {10.1109/IGARSS.1996.516751}
}

@ARTICLE{Huang05,
  author = {Huang, B. and Li, H. G. and Huang, X. },
  title = {A {L}evel {S}et {A}pproach to {S}egmentation of {O}il {S}licks in
	{SAR} {I}mages},
  journal = {International Journal of Remote Sensing},
  year = {2005},
  volume = {2},
  pages = {1145--1156},
  number = {6}
}

@INPROCEEDINGS{DBLP:conf/cvpr/HuangS03,
  author = {Fuzhen Huang and Jianbo Su},
  title = {Deformable {P}edal {C}urves with {A}pplication to {F}ace {C}ontour
	{E}xtraction.},
  booktitle = {CVPR (1)},
  year = {2003},
  pages = {328--333}
}

@ARTICLE{DBLP:journals/tit/HeroPFT99,
  author = {Alfred O. Hero III and Robinson Piramuthu and Jeffrey A. Fessler
	and Steven R. Titus},
  title = {Minimax Emission Computed Tomography using High-Resolution Anatomical
	Side Information and B-Spline Models.},
  journal = {IEEE Transactions on Information Theory},
  year = {1999},
  volume = {45},
  pages = {920--938},
  number = {3},
  bibsource = {DBLP, http://dblp.uni-trier.de}
}

@ARTICLE{pareto4,
  author = {J. Dagsvik, Z. Jia, B. Vatne, W. Zu},
  title = {Is the Pareto-L�vy law a good representation of income distribution?},
  journal = {Empirical Economics},
  year = {2013},
  volume = {44},
  number = {2}
}

@ARTICLE{Duarte-Sapiro2008,
  author = {J. M. Duarte-Carvajalino, G. Sapiro, M.V�lez-Reyes},
  title = {Multiscale Representation and Segmentation of Hiperspectral Imagery
	Using Geometric Partial Differencial Equations and Algebraic Multigrid
	Methods},
  journal = {IEEE Transactions on Geoscience and remote Sensing},
  year = {2008},
  volume = {46},
  pages = {2418--2434},
  owner = {Administrador},
  timestamp = {2008.08.19}
}

@BOOK{Jorgensen82,
  title = {Statistical Properties of the Generalized Inverse Gaussian Distribution},
  publisher = {Springer-Verlag},
  year = {1982},
  editor = {D. Brillinger and S. Fienberg and J. Gani and J. Hartigan and J. Kiefer and K. Krickeberg},
  author = {B. J{\o}rgensen},
  volume = {9},
  series = {Lecture Notes in Statistics},
  address = {New York},
  owner = {frery},
  timestamp = {2007.03.25}
}

@PHDTHESIS{Jacobo05,
  author = {Jacobo-Berlles, J.},
  title = {Nuevas Familias de Distribuciones Polarim\'etricas para Im\'agenes
	{SAR}},
  school = {Departamento de Computaci\'on, Facultad de Ciencias Exactas y Naturales,
	Universidad de Buenos Aires},
  year = {2005}
}

@INPROCEEDINGS{Jacobo,
  author = {Jacobo-Berlles, J. and Gambini, M. J. and Mejail, M. E. and Muller,
	H. and Frery, A. C.},
  title = {B-spline Curve Fitting in {SAR} Images},
  booktitle = {Proceedings EU{SAR} 2002},
  year = {2002},
  pages = {681--684}
}

@INPROCEEDINGS{jacobo02,
  author = {Jacobo-Berlles, J. and Gambini, M. J. and Mejail, M. E. and Muller,
	H. and Frery, A. C. },
  title = {B-spline Curve Fitting in {SAR} Images},
  booktitle = {Proceedings EUSAR02},
  year = {2002}
}

@INPROCEEDINGS{Jacobo-Berlles1999,
  author = {J. Jacobo-Berlles and M. Mejail and A. C. Frery},
  title = {The {GA0} Distribution as the True Model for {SAR} Images},
  booktitle = {Simp\'osio Brasileiro de Computa\c c\~ao Gr\'afica e Processamento
	de Imagens},
  year = {1999},
  address = {Campinas, SP, Brazil},
  organization = {SBC},
  publisher = {IEEE}
}

@INPROCEEDINGS{spie98b,
  author = {Jacobo-Berlles, J. and Mejail, M. and Frery, A. C.},
  title = {{GA0} distribution model in edge-preserving parameter estimation
	of {SAR} images},
  booktitle = {Mathematical Modeling and Estimation Techniques in Computer Vision,
	vol. 3457},
  year = {1998},
  pages = {209--215},
  address = {USA},
  organization = {SPIE},
  publisher = {SPIE}
}

@INPROCEEDINGS{jacoboga0sibgrapi99,
  author = {J. Jacobo-Berlles and M. E. Mejail and A. C. Frery},
  title = {The {GA0} Distribution as the True Model for {SAR} Images},
  booktitle = {12th Brazilian Symposium on Computer Graphics and Image Processing},
  year = {1999},
  pages = {327--336},
  address = {Campinas, SP, Brazil},
  organization = {SBC},
  publisher = {IEEE Computer Society},
  owner = {frery},
  timestamp = {2007.03.25}
}

@BOOK{jain89,
  title = {Fundamentals of Digital Image Processing},
  publisher = {Prentice-Hall International Editions},
  year = {1989},
  author = {Jain, A. K.},
  address = {Englewood Cliffs, NJ}
}

@ARTICLE{JakemanPusey76,
  author = {Jakeman, E. and Pusey, P. N.},
  title = {A Model for Non-{R}ayleigh Sea Echo},
  journal = {IEEE Transactions on Antennas and Propagation},
  year = {1976},
  volume = {24},
  pages = {806--814},
  number = {6}
}

@ARTICLE{jakeman87,
  author = {Jakeman, E. and Tough, R. J. A.},
  title = {Generalized {K} distribution: a statistical model for weak scattering},
  journal = {Journal of the Optical Society of America A},
  year = {1987},
  volume = {4},
  pages = {1764--1772},
  number = {9},
  month = sep
}

@INPROCEEDINGS{Janiczek2004,
  author = {Janiczek, R.L. and Jinshang Tang and Acton, S.T.},
  title = {Incorporating variance within binary flow for leukocyte tracking},
  booktitle = {Signals, Systems and Computers, 2004. Conference Record of the Thirty-Eighth
	Asilomar Conference on},
  year = {2004},
  volume = {2},
  pages = {1838--1840Vol.2},
  month = {7-10 Nov.},
  doi = {10.1109/ACSSC.2004.1399482},
  owner = {Administrador},
  timestamp = {2007.03.22}
}

@INPROCEEDINGS{1996SPIE.2765..448J,
  author = {{Janssen}, Y.~H. and {de Jong}, A.~N. and {Winkel}, H. and {van Putten},
	F.~J.},
  title = {{Detection of surface-laid and buried mines with IR and CCD cameras:
	an evaluation based on measurements}},
  booktitle = {Proc. SPIE Vol. 2765, p. 448-459, Detection and Remediation Technologies
	for Mines and Minelike Targets, Abinash C. Dubey; Robert L. Barnard;
	Colin J. Lowe; John E. McFee; Eds.},
  year = {1996},
  editor = {{Dubey}, A.~C. and {Barnard}, R.~L. and {Lowe}, C.~J. and {McFee},
	J.~E.},
  pages = {448--459},
  month = may,
  adsnote = {Provided by the Smithsonian/NASA Astrophysics Data System},
  adsurl = {http://adsabs.harvard.edu/cgi-bin/nph-bib_query?bibcode=1996SPIE.2765..448J&db_key=PHY}
}

@ARTICLE{kass88,
  author = {M. Kass and A. Withkin and D. Terzopoulos},
  title = {Snakes: Active Contour Model},
  journal = {International Journal of Computer Vision},
  year = {1988},
  volume = {1},
  pages = {321--333},
  number = {1},
  month = mar
}

@ARTICLE{Keller89,
  author = {Keller, T.},
  title = {Texture description and segmentation through Fractal Geometry},
  journal = {Computer Vision, Graphics and Image Processing },
  year = {1989},
  volume = {45},
  pages = {150--166}
}

@ARTICLE{khan2014,
  author = {Khan, S. and Guida, R.},
  title = {Application of {M}ellin-{K}ind Statistics to Polarimetric $\mathcal{G}$ Distribution for {SAR} Data},
  journal = {IEEE Transactions on Geoscience and Remote Sensing},
  year = {2014},
  volume = {52},
  pages = {3513--3528},
  number = {6},
  month = {June},
  issn = {0196-2892}
	}

@INPROCEEDINGS{Kim1999,
  author = {D. Kim},
  title = {B-spline Representation of Active Contours},
  booktitle = {Fifth International Symposium on Signal Processing and its Applications,
	ISSPA�1�7},
  year = {1999},
  address = {Brisbane, Australia}
}

@INPROCEEDINGS{Kim99,
  author = {D. Kim},
  title = {B-spline Representation of Active Contours},
  booktitle = {Fifth International Symposium on Signal Processing and its Applications,
	ISSPA�1�7},
  year = {1999},
  address = {Brisbane, Australia}
}

@INPROCEEDINGS{Kimura2004,
  author = {Kimura, H. and Mizuno, T. and Papathanassiou, K.P. and Hajnsek, I.},
  title = {Improvement of polarimetric {SAR} calibration based on the Quegan
	algorithm},
  booktitle = {Geoscience and Remote Sensing Symposium, 2004. IGARSS '04. Proceedings.
	2004 IEEE International},
  year = {2004},
  volume = {1},
  pages = {},
  abstract = {The polarimetric cross-talk calibration algorithm proposed by Quegan,
	which is more general than the one proposed by van Zyl, is modified
	to improve polarimetric {SAR} calibration. L-band polarimetric SAR
	data acquired by the JAXA/NICT airborne Pi-SAR, including a variety
	of natural and artificial targets, are calibrated introducing noise
	imbalance of cross-polarized channels into the Quegan algorithm and
	deriving the cross-talk parameters from areas with low correlation
	between like and cross-polarized observed echoes. The achieved enhancement
	in stability of cross-talk parameter estimation and removal over
	is demonstrated in terms of CR response analysis and polarimetric
	classification result.},
  keywords = {airborne radar, crosstalk, geophysical signal processing, radar polarimetry,
	synthetic aperture radar, CR response analysis, JAXA/NICT airborne
	Pi-SAR, L-band polarimetric{SAR}data, Quegan algorithm, cross-polarized
	channel, like/cross-polarized observed echo, natural/artificial target,
	noise imbalance, polarimetric{SAR}calibration, polarimetric classification,
	polarimetric cross-talk calibration algorithm},
  owner = {Administrador},
  timestamp = {2007.04.24}
}

@INPROCEEDINGS{Kimura2005,
  author = {Kimura, H. and Papathanassiou, K.P. and Hajnsek, I.},
  title = {Polarization orientation effects in urban areas on{SAR}data},
  booktitle = {Geoscience and Remote Sensing Symposium, 2005. IGARSS '05. Proceedings.
	2005 IEEE International},
  year = {2005},
  volume = {7},
  pages = {4863--4867},
  month = {25-29 July},
  owner = {Administrador},
  timestamp = {2007.04.24}
}

@ARTICLE{koendrik84,
  author = {Koendrik, J.},
  title = {The Structure of the Images},
  journal = {Biol. Cybern},
  year = {1984},
  volume = {50},
  pages = {363--370}
}

@ARTICLE{KullbackLeibler1951,
  author = {Kullback, S. and Leibler, R.},
  title = {On Information and Sufficiency},
  journal = {Annals of Mathematical Statistics},
  year = {1951},
  volume = {22},
  pages = {79--86},
  owner = {Juliana},
  timestamp = {2013.02.21}
}

@INPROCEEDINGS{Leducq2005,
  author = {Leducq, P. and Ferro-Famil, L. and Pottier, E.},
  title = {Time-frequency analysis of polarimetric{SAR}images},
  booktitle = {Radar Conference, 2005. EURAD 2005. European},
  year = {2005},
  pages = {109--112},
  month = {6-7 Oct.},
  doi = {10.1109/EURAD.2005.1605576},
  owner = {Administrador},
  timestamp = {2007.04.24}
}

@ARTICLE{Lee-Grunes99,
  author = {Lee, J. and Grunes, M. and de Grandi, Gianfranco},
  title = {Polarimetric {SAR} Speckle Filtering and its Implication for Classification},
  journal = {IEEE Trans. Geosci. Remote Sensing},
  year = {1999},
  volume = {37},
  pages = {2363--2373},
  number = {5}
}

@INPROCEEDINGS{Lee2001,
  author = {Lee, J.S. and Grunes, M.R. and Pottier, E. and Ferro-Famil, L.},
  title = {Segmentation of polarimetric{SAR}images},
  booktitle = {Geoscience and Remote Sensing Symposium, 2001. IGARSS '01. IEEE 2001
	International},
  year = {2001},
  volume = {1},
  pages = {414--416vol.1},
  month = {9-13 July},
  doi = {10.1109/IGARSS.2001.976175},
  owner = {Administrador},
  timestamp = {2007.04.24}
}

@INPROCEEDINGS{569504,
  author = {Lee, J.S. and Jurkevich, I.},
  title = {Segmentation of {SAR} {I}mages},
  booktitle = {Remote Sensing: Moving Toward the 21st Century International Symposium
	on Geoscience and Remote Sensing},
  year = {1988},
  volume = {3},
  pages = {1503--1506},
  doi = {10.1109/IGARSS.1988.569504},
  keywords = {Azimuth;Exponential distribution;Histograms;Image resolution;Image
	segmentation;Pixel;Radar imaging;Speckle;Statistics;Synthetic aperture
	radar;}
}

@INPROCEEDINGS{leeschuler94,
  author = {Lee, J. and Schuler, D. and Lang, R. and Ranson, K.},
  title = {K-distribution for {M}ultilook {P}rocessed {P}olarimetric {SAR} {I}magery},
  booktitle = {International Geoscience and Remote Sensing Symposium: Surface and
	Atmospheric Remote Sensing: Technologies, Data Analysis and Interpreattion},
  year = {1994},
  pages = {2179--2181},
  address = {Pasadena, USA}
}

@ARTICLE{Lee2004,
  author = {Jong-Sen Lee and Grunes, M.R. and Pottier, E. and Ferro-Famil, L.},
  title = {Unsupervised terrain classification preserving polarimetric scattering
	characteristics},
  journal = {Geoscience and Remote Sensing, IEEE Transactions on},
  year = {2004},
  volume = {42},
  pages = {722--731},
  number = {4},
  month = {April},
  doi = {10.1109/TGRS.2003.819883},
  owner = {Administrador},
  timestamp = {2007.04.24}
}

@ARTICLE{Liese2006,
  author = {Liese, F. and Vajda, I.},
  title = {On Divergences and Informations in Statistics and Information Theory},
  journal = {IEEE Transactions on Information Theory},
  year = {2006},
  volume = {52},
  pages = {4394--4412},
  number = {10},
  doi = {10.1109/TIT.2006.881731},
  issn = {0018-9448},
  keywords = {Automation;Electronic mail;Entropy;Information theory;Mathematics;Probability;Random
	variables;Statistics;Taylor series;Testing;decision theory;entropy;maximum
	likelihood estimation;statistical testing;Arimoto entropy;Kullback
	divergence;Shannon divergence;Taylor expansion;classical likelihood
	ratio estimator;convex function;decision error;discrimination information;information
	theory;statistical information;statistical testing;Arimoto divergence;Arimoto
	entropy;Arimoto information;Shannon divergence;Shannon information;deficiency;discrimination
	information;minimum;statistical information;sufficiency;}
}

@BOOK{lim89,
  title = {Two-Dimensional Signal and Image Processing},
  publisher = {Prentice Hall},
  year = {1989},
  author = {Lim, J. S.},
  series = {Prentice Hall Signal Processing Series},
  address = {Englewood Cliffs}
}

@ARTICLE{Lin91divergencemeasures,
  author = {Jianhua Lin},
  title = {Divergence measures based on the Shannon entropy},
  journal = {IEEE Transactions on Information theory},
  year = {1991},
  volume = {37},
  pages = {145--151}
}

@INPROCEEDINGS{liu97,
  author = {Liu, Y. and Li, Y. },
  title = {Image Feature Extraction and Segmentation using Fractal Dimension},
  booktitle = {International Conference on Information and Signal Processing},
  year = {1997},
  pages = {975--979},
  month = {Sept.},
  publisher = {IEEE},
  adress = {Singapur}
}

@INPROCEEDINGS{ZWN07,
  author = {Li Zhang,; Wu, Bo; Nevatia, Ram},
  title = {Pedestrian Detection in Infrared Images based on Local Shape Features},
  booktitle = {Computer Vision and Pattern Recognition, CVPR '07. IEEE Conference
	on },
  year = {2007},
  volume = {5782},
  pages = {1--8},
  month = {June}
}

@ARTICLE{Lopes-Nerzy93,
  author = {A. Lopes and E. Nezry and R. Touzi and H. Laur},
  title = {Structure detection and statistical adaptive speckle filtering in
	{SAR} images},
  journal = {International Journal of Remote Sensing},
  year = {1993},
  volume = {14},
  pages = {1735--1758},
  number = {9}
}

@ARTICLE{Lopes1997,
  author = {Lopes, A. and Sery, F.},
  title = {Optimal Speckle Reduction for the Product Model Polarimetric {SAR}
	imagery and the {W}ishart Distribution},
  journal = {IEEE Transactions on Geoscience and Remote Sensing},
  year = {1997},
  volume = {35},
  pages = {632--647},
  number = {3}
}

@ARTICLE{Lopes-Sery97,
  author = {Lop�s, A. and S�ry, F.},
  title = {Optimal Speckle Reduction for the Product Model Polarimetric {SAR}
	imagery and the {W}ishart Distribution},
  journal = {IEEE Trans. Geosci. Remote Sensing},
  year = {1997},
  volume = {35},
  pages = {632--647},
  number = {3}
}

@ARTICLE{Lopez-fabregas03,
  author = {C. Lopez-Martinez and X. Fabregas},
  title = {Polarimetric {SAR} speckle noise model},
  journal = {Geoscience and Remote Sensing, IEEE Transactions on},
  year = {2003},
  volume = {41},
  pages = {2232--2242},
  number = {10}
}

@INPROCEEDINGS{lopezpapthafabregas02,
  author = {C. L�pez-Mart�nez and K. Papathanassiou and X. F�bregas C�novas},
  title = {Polarimetric and interferometric noise modelling},
  booktitle = {Proceedings IGARSS},
  year = {2002},
  pages = {835--837},
  address = {Toronto, Canada},
  month = {June}
}

@INPROCEEDINGS{Lopez-Martinez2002,
  author = {C. Lopez-Martinez and K. Papathanassiou and X. Fabregas},
  title = {Polarimetric and interferometric noise modelling},
  booktitle = {Proceedings IGARSS},
  year = {2002},
  pages = {835--837},
  address = {Toronto, Canada},
  month = {June}
}

@INPROCEEDINGS{luccasantos,
  author = {E. V. D. Lucca and Freitas, C. C. and Frery, A. C. and Sant'Anna,
	S. J. S.},
  title = {Comparison of {{SAR}} segmentation algorithms},
  booktitle = {Second Latinoamerican Seminar on Radar Remote Sensing: Image Processing
	Techniques},
  year = {1998},
  pages = {123--130},
  address = {Santos, SP, Brazil},
  month = {Sept.},
  publisher = {European Space Agency (ESA)}
}

@ARTICLE{luck96,
  author = {Luckman, A. J. and Baker, J. and Kuplich, T. M. and Yanasse, C. C.
	F. and Frery, A. C.},
  title = {A study of the relationship between radar backscatter and regenerating
	tropical forest biomass for spaceborne {SAR} instruments},
  journal = {Remote Sensing of Environment},
  year = {1997},
  volume = {60},
  pages = {1--13}
}

@ARTICLE{adrian96,
  author = {Luckman, A. J. and Frery, A. C. and Yanasse, C. C. F. and Groom,
	G. B.},
  title = {Texture in airborne {SAR} imagery of tropical forest and its relationship
	to forest regeneration stage},
  journal = {International Journal of Remote Sensing},
  year = {1996, in press}
}

@INPROCEEDINGS{harmoniceusar2000,
  author = {M{\"u}ller, H.-J. and Frery, A. C. and Jacobo-Berlles, J. and Mejail,
	M. and Moreira, J.},
  title = {The Harmonic Branch of the Multiplicative Model: Properties and Applications},
  booktitle = {Proceedings EUSAR 2000},
  year = {2000},
  pages = {603--606},
  address = {M\"unchen, Germany},
  month = {May}
}

@INPROCEEDINGS{Muller99,
  author = {H.-J. M{\"u}ller and R. P{\'a}c},
  title = {G-Statistics for Scaled {{SAR}} Data},
  booktitle = {International Geoscience and Remote Sensing Symposium: Remote Sensing
	of the System Earth -- A Challenge for the 21st Century},
  year = {1999},
  pages = {1--3},
  address = {Hamburg, Germany},
  organization = {IEEE},
  publisher = {IEEE},
  note = {CD-ROM}
}

@ARTICLE{malladi96fast,
  author = {R. Malladi and J. A. Sethian and B. C. Vemuri},
  title = {A Fast Level Set based Algorithm for Topology-Independent Shape Modeling},
  journal = {J. Math. Imaging and Vision},
  year = {1996},
  volume = {6},
  pages = {269--290},
  number = {2/3},
  file = {/home/demian/tesis/papers/a-fast-level-set.pdf},
  url = {citeseer.nj.nec.com/308599.html}
}

@ARTICLE{malladi95shape,
  author = {Ravi Malladi and James A. Sethian and Baba C. Vemuri},
  title = {Shape Modeling with Front Propagation: A Level Set Approach},
  journal = {IEEE Transactions on Pattern Analysis and Machine Intelligence},
  year = {1995},
  volume = {17},
  pages = {158-175},
  number = {2}
}

@BOOK{Mandelbrot83,
  title = {The Fractal Geometry of Nature.},
  publisher = {W. H. Freeman},
  year = {1983},
  author = {B. Mandelbrot}
}

@ARTICLE{Mandelbrot60,
  author = {B. Mandelbrot},
  title = {The {Pareto-L{\'e}vy} law and the distribution of income},
  journal = {International Economic Review},
  year = {1960},
  volume = {1},
  pages = {79--106},
  number = {2}
}

@ARTICLE{pareto3,
  author = {B. Mandelbrot},
  title = {The Pareto-L�vy law and the distribution of income},
  journal = {International Economic Review},
  year = {1960},
  volume = {1},
  number = {2}
}

@ARTICLE{Mandelbrot68,
  author = {B. Mandelbrot and J. van Ness},
  title = {Fractional Brownian Motion, fractional noises and applications.},
  journal = {Siam Review},
  year = {1983},
  volume = {10},
  pages = {422--437}
}

@INPROCEEDINGS{MansouriMitiche04,
  author = {A. Mansouri and A. Mitiche and C. Vazquez },
  title = {Image Segmentation by Multiregion Competition},
  booktitle = {Proc. Reconnaissance de Forme et Intelligence Artificielle RFIA-04},
  year = {2004},
  organization = {France}
}

@ARTICLE{SARSegmentationLevelSetGA0,
  author = {Marques, R. C. P. and Medeiros, F. N. and {Santos Nobre}, J.},
  title = {{SAR} Image Segmentation Based on Level Set Approach {GA0} Model},
  journal = {IEEE Transactions on Pattern Analysis and Machine Intelligence},
  year = {2012},
  volume = {34},
  pages = {2046--2057},
  number = {10},
  abstract = {This paper proposes an image segmentation method for synthetic aperture
	radar (SAR), exploring statistical properties of SAR data to characterize
	image regions. We consider GA0 distribution parameters for SAR image
	segmentation, combined to the level set framework. The GA0 distribution
	belongs to a class of G distributions that have been successfully
	used to model different regions in amplitude SAR images for data
	modeling purpose. Such statistical data model is fundamental to deriving
	the energy functional to perform region mapping, which is input into
	our level set propagation numerical scheme that splits SAR images
	into homogeneous, heterogeneous, and extremely heterogeneous regions.
	Moreover, we introduce an assessment procedure based on stochastic
	distance and the GA0 model to quantify the robustness and accuracy
	of our approach. Our results demonstrate the accuracy of the algorithms
	regarding experiments on synthetic and real SAR data.},
  doi = {10.1109/TPAMI.2011.274},
  issn = {0162-8828},
  keywords = {Data models;Equations;Image segmentation;Level set;Mathematical model;Speckle;Synthetic
	aperture radar;G-amplitude zero distribution.;SAR image;Speckle;energy
	functional;level sets;segmentation}
}

@INPROCEEDINGS{MarrHildred80,
  author = {D. Marr and E. Hildreth},
  title = { Theory of Edge Detection},
  booktitle = {Proceedings of the Royal Society of London. Series B, Biological
	Sciences.},
  year = {1980},
  pages = {187--217}
}

@ARTICLE{Martin2004,
  author = {Martin, P. and Refregier, P. and Goudail, F. and Guerault, F.},
  title = {Influence of the noise model on level set active contour segmentation},
  journal = {IEEE Transactions on Pattern Analysis and Machine Intelligence},
  year = {2004},
  volume = {26},
  pages = {799--803},
  number = {6},
  month = {June},
  doi = {10.1109/TPAMI.2004.11},
  owner = {Administrador},
  timestamp = {2007.03.22}
}

@ARTICLE{Martorellaberizzidalle04,
  author = {M. Martorella and F. Berizzi and E. Dalle-Mese},
  title = { On the fractal dimension of sea surface backscattered signal at
	low grazing angle},
  journal = {IEEE Trans. Antennas and Propagation},
  year = {2004},
  volume = {52},
  pages = {324--338},
  number = {5}
}

@INPROCEEDINGS{Mata-Moya2011,
  author = {Mata-Moya, D. and de Nicolas-Presa, J.M. and Jarabo-Amores, P. and
	Gil-Pita, R.},
  title = {Statistical blind classification of terrain surfaces in {SAR} images},
  booktitle = {2nd International Conference on Space Technology},
  year = {2011},
  pages = {1--4},
  doi = {10.1109/ICSpT.2011.6064675},
  keywords = {Azimuth;Image resolution;Noise;Radar imaging;Speckle;Synthetic aperture
	radar;feature extraction;geophysical image processing;image classification;object
	detection;radar imaging;remote sensing by radar;statistical analysis;synthetic
	aperture radar;K-means based blind approach;SAR images;TerraSAR-X;automatic
	feature extraction;statistical blind classification;synthetic aperture
	radar;terrain surfaces;K-means;Synthetic aperture radar;blind classification;probability
	density function;}
}

@INPROCEEDINGS{DBLP:conf/cvrmed/McInerneyT95,
  author = {Tim McInerney and Demetri Terzopoulos},
  title = {Medical Image Segmentation Using Topologically Adaptable Snakes.},
  booktitle = {CVRMed},
  year = {1995},
  pages = {92--101}
}

@INPROCEEDINGS{Medioni86,
  author = {G. Medioni and Y. Yasumoto},
  title = {Corner detection and curve representation using curve b-splines.},
  booktitle = {Proc. Conf. Computer Vision and Pattern recognitiont},
  year = {1986},
  pages = {764--769}
}

@INPROCEEDINGS{aproximakaga0,
  author = {M. Mejail and A. C. Frery and J. Jacobo-Berlles and F. Kornblit},
  title = {Approximation of the {KA} distribution by the {GA0} distribution},
  booktitle = {Second Latinoamerican Seminar on Radar Remote Sensing: Image Processing
	Techniques},
  year = {1998},
  pages = {29--35},
  publisher = {European Space Agency (ESA)}
}

@ARTICLE{MejailJacoboFreryBustos:IJRS,
  author = {Mejail, M. and Jacobo-Berlles, J. C. and Frery, A. C. and Bustos,
	O. H.},
  title = {Classification of {SAR} images using a general and tractable multiplicative
	model},
  journal = {International Journal of Remote Sensing},
  year = {2003},
  volume = {24},
  pages = {3565--3582},
  number = {18}
}

@PHDTHESIS{Mejail99,
  author = {Mejail, M. E.},
  title = {La Distribuci�n $\mathcal{G}_A^{0}$ en el modelado y An�lisis de
	Im�genes {SAR}},
  school = {Departamento de Computaci�n, Facultad de Ciencias Exactas y Naturales,Universidad
	de Buenos Aires},
  year = {1999}
}

@INPROCEEDINGS{prsm2santos,
  author = {P. R. S. Mendon{\c c}a and Frery, A. C.},
  title = {Genetic-annealing parameter estimation for intensity {{SAR}} data},
  booktitle = {Second Latinoamerican Seminar on Radar Remote Sensing: Image Processing
	Techniques},
  year = {1998},
  pages = {37--43},
  address = {Santos, SP, Brazil},
  month = {Sept.},
  publisher = {European Space Agency (ESA)}
}

@ARTICLE{Migliaccio2007,
  author = {Migliaccio, M. and Gambardella, A. and Tranfaglia, M.},
  title = {{SAR} Polarimetry to Observe Oil Spills},
  journal = {IEEE Transactions on Geoscience and Remote Sensing},
  year = {2007},
  volume = {45},
  pages = {506--511},
  number = {2},
  month = {Feb. },
  doi = {10.1109/TGRS.2006.888097},
  owner = {Administrador},
  timestamp = {2007.03.30}
}

@INPROCEEDINGS{Migliaccio2005c,
  author = {Migliaccio, M. and Tranfaglia, M.},
  title = {A study on the use of {SAR} polarimetric data to observe oil spills},
  booktitle = {Oceans 2005 - Europe},
  year = {2005},
  volume = {1},
  pages = {196--200},
  month = {20-23 June},
  doi = {10.1109/OCEANSE.2005.1511709},
  owner = {Administrador},
  timestamp = {2007.03.30}
}

@ARTICLE{MONTFORT,
  author = {M. A. J. Van Montfort and J. V. Witter},
  title = {The Generalized {Pareto} distribution applied to rainfall depths},
  journal = {Hydrological Sciences Journal},
  year = {2004},
  volume = {31},
  pages = {151--162},
  number = {2}
}

@BOOK{MooreUlaby82,
  title = {Microwave Remote Sensing: Active and Pasive, vol. II: Radar Remote
	Sensing and Surface scattering and emission Theory.},
  publisher = {Addison Wesley Publishing Company},
  year = {1982},
  author = {R. K. Moore and F.T. Ulaby and A.K. Fung },
  series = {Prentice Hall Signal Processing Series},
  address = {London}
}

@INPROCEEDINGS{MAMP05,
  author = {Morris, N., Avidan, S., Matusik, W. and Pfister, H.},
  title = {Statistics of Infrared Images},
  booktitle = {CVPR 2005, IEEE Computer Society Conference on Computer Vision and
	Pattern Recognition},
  year = {2005},
  month = {June}
}

@INPROCEEDINGS{Muhammed2003,
  author = {Muhammed, H.H.},
  title = {Unsupervised fuzzy clustering and image segmentation using weighted
	neural networks},
  booktitle = {Image Analysis and Processing, 2003.Proceedings. 12th International
	Conference on},
  year = {2003},
  pages = {308--313},
  month = {17-19 Sept.},
  doi = {10.1109/ICIAP.2003.1234068},
  owner = {Administrador},
  timestamp = {2008.08.19}
}

@INPROCEEDINGS{Muhammed2002,
  author = {Muhammed, H.H.},
  title = {Unsupervised hyperspectral image segmentation using a new class of
	neuro-fuzzy systems based on weighted incremental neural networks},
  booktitle = {Applied Imagery Pattern Recognition Workshop, 2002. Proceedings.
	31st},
  year = {2002},
  pages = {171--177},
  month = {16-17 Oct.},
  doi = {10.1109/AIPR.2002.1182272},
  owner = {Administrador},
  timestamp = {2008.08.19}
}

@INPROCEEDINGS{Muhammed2002a,
  author = {Muhammed, H.H.},
  title = {Using hyperspectral reflectance data for discrimination between healthy
	and diseased plants, and determination of damage-level in diseased
	plants},
  booktitle = {Applied Imagery Pattern Recognition Workshop, 2002. Proceedings.
	31st},
  year = {2002},
  pages = {49--54},
  month = {16-17 Oct.},
  doi = {10.1109/AIPR.2002.1182254},
  owner = {Administrador},
  timestamp = {2008.08.19}
}

@INPROCEEDINGS{Muhammed2001,
  author = {Muhammed, H.H. and Ammenberg, P. and Bengtsson, E.},
  title = {Using feature-vector based analysis, based on principal component
	analysis and independent component analysis, for analysing hyperspectral
	images},
  booktitle = {Image Analysis and Processing, 2001. Proceedings. 11th International
	Conference on},
  year = {2001},
  pages = {309--315},
  month = {26-28 Sept.},
  doi = {10.1109/ICIAP.2001.957027},
  owner = {Administrador},
  timestamp = {2008.08.19}
}

@INPROCEEDINGS{Nanda2002,
  author = {Nanda, H. and Davis, L.},
  title = {Probabilistic template based pedestrian detection in infrared videos},
  booktitle = {Proc. Intell. Vehicles Symp},
  year = {2002}
}

@ARTICLE{EdgeDetectionDistancesEntropiesJSTARS,
  author = {Nascimento, A. D. C. and Horta, M. M. and Frery, A. C. and Cintra,
	R. J.},
  title = {Comparing Edge Detection Methods Based on Stochastic Entropies and
	Distances for {PolSAR} Imagery},
  journal = {IEEE Journal of Selected Topics in Applied Earth Observations and
	Remote Sensing},
  year = {2014},
  volume = {7},
  pages = {648--663},
  number = {2},
  url = {http://dx.doi.org/10.1109/JSTARS.2013.2266319}
}

@ARTICLE{Nelder65,
  author = {J. A. Nelder and R. Mead},
  title = {A Simplex Algorithm for Function Minimization},
  journal = {Computer Journal},
  year = {1965},
  volume = {7},
  pages = {308--313}
}

@INCOLLECTION{NS,
  author = {Neyman, J. and Scott, E. L.},
  title = {Outlier proneness of phenomena and of related distributions},
  booktitle = {Optimizing methods in statistics ({P}roc. {S}ympos., {O}hio {S}tate
	{U}niv., {C}olumbus, {O}hio, 1971)},
  publisher = {Academic Press},
  year = {1971},
  pages = {413--430},
  address = {New York}
}

@ARTICLE{Nirenbarg1953,
  author = {L. Nirenbarg},
  title = {A Strong Maximun Principle for Parabolic Equations},
  journal = {Commun. Pure Appl. Math.},
  year = {1953},
  volume = {4},
  pages = {167--177}
}

@ARTICLE{nirenbarg53,
  author = {L. Nirenbarg},
  title = {A Strong Maximun Principle for Parabolic Equations},
  journal = {Commun. Pure Appl. Math.},
  year = {1953},
  volume = {4},
  pages = {167--177}
}

@ARTICLE{oliver91,
  author = {C. Oliver},
  title = {Information from {SAR} images},
  journal = {Journal of Physics D: Applied Physics},
  year = {1991},
  volume = {24},
  pages = {1493--1514}
}

@ARTICLE{oliverconnell95,
  author = {C. Oliver and I.M. Connell and R. White},
  title = {Optimun Edge Detection in {SAR} },
  journal = {SPIE on Satellite Remote Sensing },
  year = {1995},
  volume = {2584},
  pages = {152--163}
}

@BOOK{oliverquegan98,
  title = {Understanding Synthetic Aperture Radar Images},
  publisher = {Artech House},
  year = {1998},
  author = {C. Oliver and S. Quegan},
  address = {Boston}
}

@BOOK{osherparagios03,
  title = { Geometric {L}evel {S}et {M}ethods in {I}maging, {V}ision and {G}raphics},
  publisher = {Springer},
  year = {2003},
  author = {S. Osher and N. Paragios},
  edition = {first}
}

@ARTICLE{oshersethian88,
  author = {S. Osher and J. Sethian},
  title = {Fronts propagating with curvature-dependent speed: algorithms based
	on Hamilton-Jacobi formulations.},
  journal = {Journal of Computational Phisics},
  year = {1988},
  volume = {79},
  pages = {12--49}
}

@INPROCEEDINGS{Papathanassiou2003,
  author = {Papathanassiou, K.P. and Cloude, S.R.},
  title = {The effect of temporal decorrelation on the inversion of forest parameters
	from Pol-InSAR data},
  booktitle = {Geoscience and Remote Sensing Symposium, 2003. IGARSS '03. Proceedings.
	2003 IEEE International},
  year = {2003},
  volume = {3},
  pages = {1429--1431},
  month = {21-25 July},
  owner = {Administrador},
  timestamp = {2007.04.24}
}

@INPROCEEDINGS{Papathanassiou2003a,
  author = {Papathanassiou, K.P. and Cloude, S.R.},
  title = {The effect of temporal decorrelation on the inversion of forest parameters
	from Pol-InSAR data},
  booktitle = {Geoscience and Remote Sensing Symposium, 2003. IGARSS '03. Proceedings.
	2003 IEEE International},
  year = {2003},
  volume = {3},
  pages = {1429--1431},
  month = {21-25 July},
  owner = {Administrador},
  timestamp = {2007.04.24}
}

@INPROCEEDINGS{Papathanassiou2003b,
  author = {Papathanassiou, K.P. and Cloude, S.R.},
  title = {The effect of temporal decorrelation on the inversion of forest parameters
	from Pol-InSAR data},
  booktitle = {Geoscience and Remote Sensing Symposium, 2003. IGARSS '03. Proceedings.
	2003 IEEE International},
  year = {2003},
  volume = {3},
  pages = {1429--1431},
  month = {21-25 July},
  owner = {Administrador},
  timestamp = {2007.04.24}
}

@INPROCEEDINGS{Papathanassiou03,
  author = {Papathanassiou, K. and Mette, T. and I. Hajnsek},
  title = {Model Based Forest Height Estimation from Single Baseline {P}ol-In{SAR}
	Data: The {F}ichtelgebirge Test Case},
  booktitle = {ESA {PolInSAR} {W}orkshop},
  year = {2003},
  pages = {1--6},
  address = {ESA-ESRIN Frascatti, Italy},
  month = {January},
  publisher = {ESA},
  adress = {Frankasti, Italy},
  file = {polinsar_kostas03_paper.pdf:/home/acfrery/texmf/bibtex/bib/art03_pdf/polinsar_kostas03_paper.pdf:PDF},
  url = {http://earth.esa.int/cgi-bin/polinsar_query.pl?abstract=38}
}

@INPROCEEDINGS{Papathanassiou2003c,
  author = {Papathanassiou, K. and Mette, T. and I. Hajnsek},
  title = {Model Based Forest Height Estimation from Single Baseline {P}ol-In{SAR}
	Data: The {F}ichtelgebirge Test Case},
  booktitle = {ESA {PolInSAR} {W}orkshop},
  year = {2003},
  pages = {1--6},
  address = {ESA-ESRIN Frascatti, Italy},
  month = {January},
  publisher = {ESA},
  adress = {Frankasti, Italy},
  file = {polinsar_kostas03_paper.pdf:/home/acfrery/texmf/bibtex/bib/art03_pdf/polinsar_kostas03_paper.pdf:PDF},
  url = {http://earth.esa.int/cgi-bin/polinsar_query.pl?abstract=38}
}

@INPROCEEDINGS{Papathanassiou2003d,
  author = {Papathanassiou, K. and Mette, T. and I. Hajnsek},
  title = {Model Based Forest Height Estimation from Single Baseline {P}ol-In{SAR}
	Data: The {F}ichtelgebirge Test Case},
  booktitle = {ESA {PolInSAR} {W}orkshop},
  year = {2003},
  pages = {1--6},
  address = {ESA-ESRIN Frascatti, Italy},
  month = {January},
  publisher = {ESA},
  adress = {Frankasti, Italy},
  file = {polinsar_kostas03_paper.pdf:/home/acfrery/texmf/bibtex/bib/art03_pdf/polinsar_kostas03_paper.pdf:PDF},
  url = {http://earth.esa.int/cgi-bin/polinsar_query.pl?abstract=38}
}

@INPROCEEDINGS{Papathanassiou2003e,
  author = {Papathanassiou, K. and Mette, T. and Hajnsek, I.},
  title = {Model Based Forest Height Estimation from Single Baseline PolInSAR
	Data: The Fichtelgebirge Test Case},
  booktitle = {ESA POlInSAR workshop, ESRIN},
  year = {2003}
}

@INPROCEEDINGS{Papathanassiou2003f,
  author = {Papathanassiou, K. and Mette, T. and Hajnsek, I.},
  title = {Model Based Forest Height Estimation from Single Baseline PolInSAR
	Data: The Fichtelgebirge Test Case},
  booktitle = {ESA POlInSAR workshop, ESRIN},
  year = {2003}
}

@INPROCEEDINGS{ParagiosDeriche00,
  author = {N. Paragios and R. Deriche},
  title = {Coupled Geodesic Active Regions for Image Segmentation: A Level Set
	Aproach},
  booktitle = {Proc. European Conf. Computer Vision},
  year = {2000},
  pages = {224--240 },
  month = {June},
  vol = {1}
}

@INPROCEEDINGS{DBLP:conf/cvpr/PavanP03,
  author = {Massimiliano Pavan and Marcello Pelillo},
  title = {Graph-Theoretic Approach to Clustering and Segmentation.},
  booktitle = {CVPR (1)},
  year = {2003},
  pages = {145--152}
}

@INPROCEEDINGS{Pavan2003,
  author = {Massimiliano Pavan and Marcello Pelillo},
  title = {Graph-Theoretic Approach to Clustering and Segmentation.},
  booktitle = {CVPR (1)},
  year = {2003},
  pages = {145--152}
}

@BOOK{Peitgen1992,
  title = {Fractals for the classroom, Part I.},
  publisher = {Springer-Verlag},
  year = {1992},
  author = {H. O. Peitgen and H. J�rgens and D. Saupe}
}

@BOOK{Peitgen92I,
  title = {Fractals for the classroom, Part I.},
  publisher = {Springer-Verlag},
  year = {1992},
  author = {H. O. Peitgen and H. J�rgens and D. Saupe}
}

@BOOK{Peitgen1986,
  title = {Fractals for the classroom, Part II.},
  publisher = {Springer-Verlag},
  year = {1986},
  author = {H. O. Peitgen and H. J�rgens and D. Saupe}
}

@BOOK{Peitgen92II,
  title = {Fractals for the classroom, Part II.},
  publisher = {Springer-Verlag},
  year = {1986},
  author = {H. O. Peitgen and H. J�rgens and D. Saupe}
}

@BOOK{Peitgen86,
  title = {The Science of Fractal Images.},
  publisher = {Springer-Verlag},
  year = {1986},
  author = {H. O. Peitgen and D. Saupe}
}

@ARTICLE{Peli90,
  author = {Peli, T.},
  title = {Multiscale Fractal Theory and Object Characterization},
  journal = {Journal of the Optical Society of America },
  year = {1990},
  volume = {7},
  pages = {1113--1123},
  number = {6}
}

@ARTICLE{Perona1990,
  author = {P. Perona and J. Malik},
  title = {Scale-space and edge detection using anisotropic diffusion},
  journal = {IEEE Transactions on Pattern Analysis and Machine Intelligence},
  year = {1990},
  volume = {12},
  pages = {629--639},
  number = {7}
}

@ARTICLE{Perona1990a,
  author = {P. Perona and J. Malik},
  title = {Scale-space and edge detection using anisotropic diffusion},
  journal = {IEEE Transactions on Pattern Analysis and Machine Intelligence},
  year = {1990},
  volume = {12},
  pages = {629--639},
  number = {7}
}

@ARTICLE{Perona90,
  author = {P. Perona and J. Malik},
  title = {Scale-space and edge detection using anisotropic diffusion},
  journal = {IEEE Transactions on Pattern Analysis and Machine Intelligence},
  year = {1990},
  volume = {12},
  pages = {629--639},
  number = {7}
}


@ARTICLE{Pickard1987,
  author = {Pickard, D. K.},
  title = {Inference for Discrete {M}arkov Fields: The Simplest Nontrivial Case},
  journal = {Journal of the American Statistical Association},
  year = {1987},
  volume = {82},
  pages = {90--96},
  number = {1}
}

@ARTICLE{Pickard1987a,
  author = {Pickard, D. K.},
  title = {Inference for Discrete {M}arkov Fields: The Simplest Nontrivial Case},
  journal = {Journal of the American Statistical Association},
  year = {1987},
  volume = {82},
  pages = {90--96},
  number = {1}
}

@ARTICLE{Pickard1987b,
  author = {Pickard, D. K.},
  title = {Inference for Discrete {M}arkov Fields: The Simplest Nontrivial Case},
  journal = {Journal of the American Statistical Association},
  year = {1987},
  volume = {82},
  pages = {90--96},
  number = {1}
}

@ARTICLE{Pickard1987c,
  author = {Pickard, D. K.},
  title = {Inference for Discrete {M}arkov Fields: The Simplest Nontrivial Case},
  journal = {Journal of the American Statistical Association},
  year = {1987},
  volume = {82},
  pages = {90--96},
  number = {1}
}

@ARTICLE{pickard87,
  author = {Pickard, D. K.},
  title = {Inference for Discrete {M}arkov Fields: The Simplest Nontrivial Case},
  journal = {Journal of the American Statistical Association},
  year = {1987},
  volume = {82},
  pages = {90--96},
  number = {1}
}

@ARTICLE{polkowski01,
  author = {Polkowski, L.},
  title = {On Fractals in Information Systems: The First Step},
  journal = {JSAI 2001 Workshop, Lecture Notes in Computer Science Publisher:
	Springer-Verlag},
  year = {2001},
  volume = {2253},
  pages = {278--282},
  number = {1}
}

@ARTICLE{Polkowski2001,
  author = {Polkowski, L.},
  title = {On Fractals in Information Systems: The First Step},
  journal = {JSAI 2001 Workshop, Lecture Notes in Computer Science Publisher:
	Springer-Verlag},
  year = {2001},
  volume = {2253},
  pages = {278--282},
  number = {1}
}

@ARTICLE{Pollack2000,
  author = {I Pollack and S. Willski and H. Krim},
  title = { Image Segmentation and Edge Enhacement with Stabilized Inverse Diffusion
	Ecuation },
  journal = {IEEE Trans. on Image Processing},
  year = {2000},
  volume = {9},
  pages = {256--266},
  number = {2}
}

@ARTICLE{Pollackwillski00,
  author = {I Pollack and S. Willski and H. Krim},
  title = { Image Segmentation and Edge Enhacement with Stabilized Inverse Diffusion
	Ecuation },
  journal = {IEEE Trans. on Image Processing},
  year = {2000},
  volume = {9},
  pages = {256--266},
  number = {2}
}

@ARTICLE{Pollak2002,
  author = {Pollak, I.},
  title = {Nonlinear multiscale filtering},
  year = {2002},
  pages = {26--36 },
  month = {Sep.},
  booktitle = {Signal Processing Magazine},
  vol = {19}
}

@ARTICLE{Powell1962,
  author = {M. J. D. Powell},
  title = {An iterative method for finding stationary value of function of several
	variables},
  journal = {Computer Journal},
  year = {1962},
  volume = {5},
  pages = {147}
}

@ARTICLE{Powell62,
  author = {M. J. D. Powell},
  title = {An iterative method for finding stationary value of function of several
	variables},
  journal = {Computer Journal},
  year = {1962},
  volume = {5},
  pages = {147}
}

@BOOK{Pratt1978,
  title = {Digital Image Processing.},
  publisher = {John Wiley and Sons},
  year = {1978},
  author = {Pratt, W.},
  address = {New York}
}

@BOOK{Pratt78,
  title = {Digital Image Processing.},
  publisher = {John Wiley and Sons},
  year = {1978},
  author = {Pratt, W.},
  address = {New York}
}

@INPROCEEDINGS{precioso0301,
  author = {Precioso, F. and Barlaud, M. and Blu, T. and Unser, M.},
  title = {Smoothing {B-Spline} Active Contour for Fast and Robust Image and
	Video Segmentation},
  booktitle = {Proceedings of the 2003 {IEEE} International Conference on Image
	Processing ({ICIP'03})},
  year = {2003},
  volume = {{I}},
  pages = {137--140},
  address = {Barcelona, Spain},
  month = {September 14-17}
}

@INPROCEEDINGS{1246862,
  author = {Puig, D. and Garcia, M.A.},
  title = {Pixel classification through divergence-based integration of texture
	methods with conflict resolution},
  booktitle = {International Conference on Image Processing},
  year = {2003},
  volume = {3},
  pages = {1037-1040},
  doi = {10.1109/ICIP.2003.1246862},
  issn = { 1522-4880},
  keywords = {Collaboration;Computer science;Computer vision;Decision making;Feature
	extraction;Intelligent robots;Mathematics;Pixel;Robot vision systems;Soil;
	feature extraction; image classification; image texture; Kullback
	J-divergence; arbitration mechanism; collaborative decision making
	problem; conflict resolution; divergence-based integration; image;
	multiple texture feature extraction methods; pixel classification;}
}

@ARTICLE{QuartulliDatcu:04,
  author = {M. Quartulli and M. Datcu},
  title = {Stochastic Geometrical Modelling for Built-Up Area Understanding
	from a Single {{SAR}} Intensity Image with Meter Resolution},
  journal = {IEEE Transactions on Geoscience and Remote Sensing},
  year = {2004},
  volume = {42},
  pages = {1996--2003},
  number = {9}
}

@INPROCEEDINGS{Quegan03,
  author = {S. Quegan and M. Gomez-Dans and D. Gonzalez-Sanpedro and D. Hoekman
	and T. {Le Toan} and H. Skriver},
  title = {Classification with Multitemporal Polarimetric {{SAR}} Data},
  booktitle = {ESA {PolInSAR} {W}orkshop},
  year = {2003},
  pages = {1--10},
  address = {ESA-ESRIN Frascatti, Italy},
  month = {January},
  organization = {ESA},
  adress = {Frankasti, Italy},
  file = {polinsar_quegan.pdf:/home/acfrery/texmf/bibtex/bib/art03_pdf/polinsar_quegan.pdf:PDF},
  url = {http://earth.esa.int/cgi-bin/polinsar_query.pl?abstract=31}
}

@ARTICLE{shauncoriTGARS,
  author = {Quegan, S. and Grover, K. D. and Yanasse, C. C. F.},
  title = {Use of {C} band {SAR} for quantitative estimation of tropical forest
	cover: methods and limitations},
  journal = {IEEE Transactions on Geoscience and Remote Sensing},
  year = {1996, to appear}
}

@INPROCEEDINGS{Quegan1994,
  author = {Quegan, S. and Rhodes, I. and Caves, R.},
  title = {Statistical models for polarimetric{SAR}data},
  booktitle = {Geoscience and Remote Sensing Symposium, 1994. IGARSS '94. 'Surface
	and Atmospheric Remote Sensing: Technologies, Data Analysis and Interpretation'.,
	International},
  year = {1994},
  volume = {3},
  pages = {1371--1373},
  month = {8-12 Aug.},
  doi = {10.1109/IGARSS.1994.399442},
  owner = {Administrador},
  timestamp = {2007.04.24}
}

@INPROCEEDINGS{Quegan1994a,
  author = {Quegan, S. and Rhodes, I. and Caves, R.},
  title = {Statistical models for polarimetric{SAR}data},
  booktitle = {Geoscience and Remote Sensing Symposium, 1994. IGARSS '94. 'Surface
	and Atmospheric Remote Sensing: Technologies, Data Analysis and Interpretation'.,
	International},
  year = {1994},
  volume = {3},
  pages = {1371--1373},
  month = {8-12 Aug.},
  doi = {10.1109/IGARSS.1994.399442},
  owner = {Administrador},
  timestamp = {2007.04.24}
}

@INPROCEEDINGS{Quegan1994b,
  author = {Quegan, S. and Rhodes, I. and Caves, R.},
  title = {Statistical models for polarimetric{SAR}data},
  booktitle = {Geoscience and Remote Sensing Symposium, 1994. IGARSS '94. 'Surface
	and Atmospheric Remote Sensing: Technologies, Data Analysis and Interpretation'.,
	International},
  year = {1994},
  volume = {3},
  pages = {1371--1373},
  month = {8-12 Aug.},
  doi = {10.1109/IGARSS.1994.399442},
  owner = {Administrador},
  timestamp = {2007.04.24}
}

@ARTICLE{shauncoriIJRS,
  author = {Quegan, S. and Yanasse, C. C. F. and H. de Groof and P. N. Churchill
	and A. Sieber, A.},
  title = {The radiometric quality of {A}gri{{SAR}} data},
  journal = {International Journal of Remote Sensing},
  year = {1991},
  volume = {12},
  pages = {277--302}
}

@INPROCEEDINGS{renyi1961,
  author = {R\'{e}nyi, A.},
  title = {On Measures of Entropy and Information},
  booktitle = {Proceedings of the Fourth Berkeley Symposium on Mathematics, Statistics
	and Probability},
  year = {1961},
  editor = {University of California Press},
  volume = {1},
  pages = {547--561},
  owner = {Juliana},
  timestamp = {2013.02.21}
}


@BOOK{rogers90,
  title = {Mathematical Elements for Computer Graphics},
  publisher = {McGraw-Hill},
  year = {1990},
  author = {Rogers, D. F. and Adams, J. A.},
  address = {New York, USA},
  edition = {2}
}

@ARTICLE{Rojo,
  author = {Rojo, J.},
  title = {Heavy-tailed densities},
  journal = {Wiley Interdisciplinary Reviews Computing Statistics},
  year = {2013},
  volume = {5},
  pages = {30--40},
  number = {10}
}

@ARTICLE{ronmedioni93,
  author = {H. Rom and P. Saint-Marc and G. Medioni},
  title = {B-spline contour representation and symmetry detection},
  journal = {IEEE Transactions on Pattern Analysis and Machine Intelligence},
  year = {1993},
  volume = {15},
  pages = {1191--1197},
  number = {11}
}

@ARTICLE{rosenfeld71,
  author = {A. Rosenfeld and M. Turson},
  title = {Edge and Curve Detection for Visual Scene and Analysis},
  journal = {IEEE Transactions on Computers},
  year = {1971},
  volume = {25},
  pages = {562--569},
  number = {5}
}

@ARTICLE{Saint-Marc1993,
  author = {Saint-Marc, P. and Rom, H. and Medioni, G.},
  title = {B-spline contour representation and symmetry detection},
  journal = {IEEE Transactions on Pattern Analysis and Machine Intelligence},
  year = {1993},
  volume = {15},
  pages = {1191--1197},
  number = {11},
  month = {Nov.},
  doi = {10.1109/34.244680},
  owner = {Administrador},
  timestamp = {2007.03.29}
}

@ARTICLE{Saint-Marc1993a,
  author = {Saint-Marc, P. and Rom, H. and Medioni, G.},
  title = {B-spline contour representation and symmetry detection},
  journal = {IEEE Transactions on Pattern Analysis and Machine Intelligence},
  year = {1993},
  volume = {15},
  pages = {1191--1197},
  number = {11},
  month = {Nov.},
  doi = {10.1109/34.244680},
  owner = {Administrador},
  timestamp = {2007.03.29}
}

@ARTICLE{Saint-Marc1993b,
  author = {Saint-Marc, P. and Rom, H. and Medioni, G.},
  title = {B-spline contour representation and symmetry detection},
  journal = {IEEE Transactions on Pattern Analysis and Machine Intelligence},
  year = {1993},
  volume = {15},
  pages = {1191--1197},
  number = {11},
  month = {Nov.},
  doi = {10.1109/34.244680},
  owner = {Administrador},
  timestamp = {2007.03.29}
}

@ARTICLE{sakar94,
  author = {Sakar, N. and Chaudhuri, B.},
  title = {An Efficient Differencial Box-Counting Approach to Compute Fractal
	Dimension of Image},
  journal = {IEEE Trans. on Systems Man and Cybernetics},
  year = {1994},
  volume = {24},
  pages = {72--76},
  number = {1}
}


@ARTICLE{Salvatelli2007,
  author = {Adri�n Salvatelli and Jos�1�7Caropresi and Claudio Delrieux and Mar�a
	F. Izaguirre and V�ctor Casco},
  title = {Cellular Outline Segmentation using Fractal Estimators},
  journal = {Journal of Computer Science and Technology, ISSN 1666-6046},
  year = {2007},
  volume = {7},
  pages = {14--22},
  number = {1}
}

@INPROCEEDINGS{frerycorreiaigarss99,
  author = {Sant'{A}nna, S. J. S. and Correia, A. H. and Freitas, C. C. and Frery,
	A. C.},
  title = {The Discriminatory Capability of Polarimetric {{SAR}} Data for Land
	Use Classification},
  booktitle = {International Geoscience and Remote Sensing Symposium: Remote Sensing
	of the System Earth -- A Challenge for the 21st Century},
  year = {1999},
  pages = {1--3},
  address = {Hamburg, Germany},
  organization = {IEEE},
  publisher = {IEEE},
  note = {CD-ROM}
}

@MASTERSTHESIS{sid95,
  author = {Sant'Anna, S. J. S.},
  title = {Avalia\c c\~ao do desempenho de filtros redutores de ``speckle''
	em imagens de radar de abertura sint\'etica},
  school = {Instituto Nacional de Pesquisas Espaciais},
  year = {1995},
  address = {S\~ao Jos\'e dos Campos, SP, Brazil}
}

@BOOK{sapiro01,
  title = {Geometric Partial Differential Equations and Image Analysis},
  publisher = {Cambridge University Press},
  year = {2001},
  author = {G. Sapiro},
  address = {Cambridge}
}

@ARTICLE{Scaillet2004,
  author = {Scaillet, O.},
  title = {Density estimation using inverse and reciprocal inverse {G}aussian
	kernels},
  journal = {Journal of Nonparametric Statistics},
  year = {2004},
  volume = {16},
  pages = {217--226},
  number = {1-2}
}

@MISC{schavemaker00infrared,
  author = {J. Schavemaker and F. Cremer and K. Schutte and E. den Breejen},
  title = {Infrared processing and sensor fusion for anti-personnel land-mine
	detection},
  year = {2000},
  text = {J. G. M. Schavemaker, F. Cremer, K. Schutte, and E. den Breejen. Infrared
	processing and sensor fusion for anti-personnel land-mine detection.
	In Proceedings of IEEE Student Branch Eindhoven: Symposium Imaging,
	pages 61--71, Eindhoven, the Netherlands, May 2000.},
  url = {citeseer.ist.psu.edu/schavemaker00infrared.html}
}

@INPROCEEDINGS{Scheuchl02,
  author = {Scheuchl, B. and Hajnsek, I. and Cumming, I.G.},
  title = {Sea Ice Classification Using Multi-Frequency Polarimetric {SAR} Data},
  booktitle = {Proceedings IGARSS},
  year = {2002},
  address = {Toronto, Canada}
}

@INPROCEEDINGS{Schou2000,
  author = {Schou, J. and Dierking, W. and Skriver, H.},
  title = {Multi-look polarimetric {SAR}image filtering using simulated annealing},
  booktitle = {Geoscience and Remote Sensing Symposium, 2000. Proceedings. IGARSS
	2000. IEEE 2000 International},
  year = {2000},
  volume = {3},
  pages = {1316--1318},
  month = {24-28 July},
  doi = {10.1109/IGARSS.2000.858105},
  owner = {Administrador},
  timestamp = {2007.04.24}
}

@INPROCEEDINGS{Schou2000a,
  author = {Schou, J. and Dierking, W. and Skriver, H.},
  title = {Multi-look polarimetric{SAR}image filtering using simulated annealing},
  booktitle = {Geoscience and Remote Sensing Symposium, 2000. Proceedings. IGARSS
	2000. IEEE 2000 International},
  year = {2000},
  volume = {3},
  pages = {1316--1318},
  month = {24-28 July},
  doi = {10.1109/IGARSS.2000.858105},
  owner = {Administrador},
  timestamp = {2007.04.24}
}

@INPROCEEDINGS{Schou2000b,
  author = {Schou, J. and Dierking, W. and Skriver, H.},
  title = {Multi-look polarimetric{SAR}image filtering using simulated annealing},
  booktitle = {Geoscience and Remote Sensing Symposium, 2000. Proceedings. IGARSS
	2000. IEEE 2000 International},
  year = {2000},
  volume = {3},
  pages = {1316--1318},
  month = {24-28 July},
  doi = {10.1109/IGARSS.2000.858105},
  owner = {Administrador},
  timestamp = {2007.04.24}
}

@ARTICLE{Schou2003,
  author = {Schou, J. and Skriver, H. and Nielsen, A. A. and Conradsen, K.},
  title = {{CFAR} edge detector for polarimetric {SAR} images},
  journal = {Geoscience and Remote Sensing, IEEE Transactions on},
  year = {2003},
  volume = {41},
  pages = {20--32},
  number = {1},
  month = {Jan.},
  doi = {10.1109/TGRS.2002.808063},
  owner = {Administrador},
  timestamp = {2007.03.30}
}

@BOOK{Seshadri93,
  title = {The Inverse Gaussian Distribution: A Case Study in Exponential Families},
  publisher = {Claredon Press},
  year = {1993},
  author = {V. Seshadri},
  address = {Oxford},
  owner = {frery},
  timestamp = {2007.03.25}
}

@BOOK{sethian99,
  title = {Level Set Methods and Fast Marching Methods: Evolving Interfaces
	in Geometry, Fluid Mechanics, Computer Vision and Materials Sciences},
  publisher = {Cambridge University Press},
  year = {1999},
  author = {J.A. Sethian},
  address = {Cambridge}
}

@MISC{sethian98fast,
  author = {J. Sethian},
  title = {Fast Marching Methods and Level Set Methods for Propagating Interfaces
	Von Karman Insitute Lecture Series},
  year = {1998},
  text = {Sethian, J.A., Fast Marching Methods and Level Set Methods for Propagating
	Interfaces Von Karman Insitute Lecture Series, Computational Fluid
	Dynamics, 1998.}
}

@ARTICLE{Shannon1948,
  author = {Shannon, C. E.},
  title = {A mathematical theory of communication},
  journal = {Bell System Technical Journal},
  year = {1948},
  volume = {27},
  pages = {379--423},
  added-at = {2012-07-13T11:58:17.000+0200},
  biburl = {http://www.bibsonomy.org/bibtex/27260eb4c77ccb9aa5f7ada66cffbbf59/jabreftest},
  file = {Shannon1948.pdf:1948/Shannon1948.pdf:PDF},
  groups = {public},
  interhash = {754130207906fcec16a53d330eeff348},
  intrahash = {7260eb4c77ccb9aa5f7ada66cffbbf59},
  timestamp = {2012-07-13T11:58:17.000+0200},
  username = {jabreftest}
}

@ARTICLE{bb32736,
  author = {Shi, Y.G. and Karl, W.C.},
  title = {A Real-Time Algorithm for the Approximation of Level-Set-Based Curve
	Evolution},
  journal = {IP},
  year = {2008},
  volume = {17},
  pages = {645--656},
  number = {5},
  month = {May}
}

@INPROCEEDINGS{Shi2005,
  author = {Yonggang Shi and Karl, W.},
  title = {A Fast Level Set Method Without Solving PDEs},
  booktitle = {Acoustics, Speech, and Signal Processing, 2005. Proceedings. (ICASSP
	'05). IEEE International Conference on},
  year = {2005},
  volume = {2},
  pages = {97--100},
  month = {March 18-23,},
  owner = {Administrador},
  timestamp = {2007.05.07}
}

@INPROCEEDINGS{Shi2005a,
  author = {Shi, Y. and Karl, W.C.},
  title = {Real-time tracking using level sets},
  booktitle = {Computer Vision and Pattern Recognition, 2005. CVPR 2005. IEEE Computer
	Society Conference on},
  year = {2005},
  volume = {2},
  pages = {34--41vol.2},
  month = {20-25 June},
  doi = {10.1109/CVPR.2005.294},
  owner = {Administrador},
  timestamp = {2007.05.07}
}

@INPROCEEDINGS{Shi2004b,
  author = {Yonggang Shi and Karl, W.C.},
  title = {Shape reconstruction from unorganized points with a data-driven level
	set method},
  booktitle = {Acoustics, Speech, and Signal Processing, 2004. Proceedings. (ICASSP
	'04). IEEE International Conference on},
  year = {2004},
  volume = {3},
  pages = {iii--13--16vol.3},
  month = {17-21 May},
  doi = {10.1109/ICASSP.2004.1326469},
  owner = {Administrador},
  timestamp = {2007.05.07}
}

@INPROCEEDINGS{siddiqi99hamiltonian,
  author = {Kaleem Siddiqi and Allen Tannenbaum and Steven W. Zucker},
  title = {A Hamiltonian Approach to the Eikonal Equation},
  booktitle = {Energy Minimization Methods in Computer Vision and Pattern Recognition},
  year = {1999},
  pages = {1--13}
}

@ARTICLE{SZOLPR04,
  author = {F. Siegert and B. Zhukov and D. Oertel and S. Limin and S.E. Page
	and O. Rielay},
  title = {Peat fires detected by the BIRD satellite},
  journal = {International Journal of Remote Sensing},
  year = {2004},
  volume = {25},
  pages = {3221--3230},
  number = {16}
}

@INPROCEEDINGS{lucianosantos,
  author = {L. B. Silva and K. L. P. Vasconcellos and A. C. Frery},
  title = {Bias Correction for Covariance Parameters Estimates in Polarimetric
	{{SAR}} Data Models},
  booktitle = {Second Latinoamerican Seminar on Radar Remote Sensing: Image Processing
	Techniques},
  year = {1998},
  pages = {45--48},
  address = {Santos, SP, Brazil},
  month = {Sept.},
  publisher = {European Space Agency (ESA)}
}

@ARTICLE{SilvaCribariFrery:ImprovedLikelihood:Environmetrics,
  author = {M. Silva and F. Cribari-Neto and A. C. Frery},
  title = {Improved Likelihood Inference for the Roughness Parameter of the
	{GA0} Distribution},
  journal = {Environmetrics},
  year = {2008},
  volume = {19},
  pages = {347--368},
  number = {4},
  abstract = {This paper presents adjusted profile likelihoods for ��, the roughness
	parameter of GA0(��,��,L) distribution. This distribution has been
	widely used in the modelling, processing and analysis of data corrupted
	by speckle noise, e.g., synthetic aperture radar images. Specifically,
	we consider the following modified profile likelihoods: (i) the one
	proposed by Cox & Reid (1987, 1989), and (ii) approximations to adjusted
	profile likelihood proposed by Barndorff-Nielsen (1983), namely the
	approximations proposed by Severini (1998, 1999) and one based on
	the results in Fraser & Reid (1995) and by Fraser et al. (1999).
	We focus on point estimation and on signalized likelihood ratio tests,
	the parameter of interest being the roughness parameter that indexes
	the distribution. As far as point estimation is concerned, the numerical
	evidence presented in the paper favors the Cox & Reid (1987, 1989)
	adjustment, and in what concerns signalized likelihood ratio tests,
	the results favor the approximation to Barndorff�CNielsen��s adjustment
	based on the results in Fraser & Reid (1995) and Fraser et al. (1999).
	An application to real synthetic aperture radar imagery is presented
	and discussed.},
  owner = {Juliana},
  timestamp = {2012.12.28}
}

@ARTICLE{ClassificationPolSARSegmentsMinimizationWishartDistances,
  author = {W. B. Silva and C. C. Freitas and S. J. S. Sant'Anna and A. C. Frery},
  title = {Classification of Segments in {PolSAR} Imagery by Minimum Stochastic
	Distances Between {W}ishart Distributions},
  journal = {IEEE Journal of Selected Topics in Applied Earth Observations and
	Remote Sensing},
  year = {2013},
  volume = {6},
  pages = {1263--1273},
  number = {3},
  abstract = {A new classifier for Polarimetric SAR (PolSAR) images is proposed
	and assessed in this paper. Its input consists of segments, and each
	one is assigned the class which minimizes a stochastic distance.
	Assuming the complex Wishart model, several stochastic distances
	are obtained from the $\hphi$ family of divergences, and they are
	employed to derive hypothesis test statistics that are also used
	in the classification process. This article also presents, as a novelty,
	analytic expressions for the test statistics based on the following
	stochastic distances between complex Wishart models: Kullback-Leibler,
	Bhattacharyya, Hellinger, R�nyi, and Chi-Square; also, the test statistic
	based on the Bhattacharyya distance between multivariate Gaussian
	distributions is presented. The classifier performance is evaluated
	using simulated and real PolSAR data. The simulated data are based
	on the complex Wishart model, aiming at the analysis of the proposal
	well controlled data. The real data refer to the complex L-band image,
	acquired during the 1994 SIR-C mission. The results of the proposed
	classifier are compared with those obtained by a Wishart per-pixel/contextual
	classifier, and we show the better performance of the region-based
	classification. The influence of the statistical modeling is assessed
	by comparing the results using the Bhattacharyya distance between
	multivariate Gaussian distributions for amplitude data. The results
	with simulated data indicate that the proposed classification method
	has a very good performance when the data follow the Wishart model.
	The proposed classifier also performs better than the per-pixel/contextual
	classifier and the Bhattacharyya Gaussian distance using SIR-C PolSAR
	data.},
  arxiv = {1303.2108},
  doi = {10.1109/JSTARS.2013.2248132},
  keywords = {Region-Based Classification, Stochastic Distances, Hypothesis Tests,
	Polarimetry, Wishart distribution}
}

@INPROCEEDINGS{6049821,
  author = {Silva, W. B. and Pereira, L. O. and Sant'Anna, S. J. S. and Freitas,
	C. C. and Guimaraes, R. J. P. S. and Frery, A. C.},
  title = {Land cover discrimination at {B}razilian {A}mazon using region based
	classifier and stochastic distance},
  booktitle = {IEEE International Geoscience and Remote Sensing Symposium},
  year = {2011},
  pages = {2900--2903},
  issn = {2153-6996}
}

@ARTICLE{4786545,
  author = {Silveira, M. and Nascimento, J.C. and Marques, J.S. and Marcal, A.R.S.
	and Mendonca, T. and Yamauchi, S. and Maeda, J. and Rozeira, J.},
  title = {Comparison of Segmentation Methods for Melanoma Diagnosis in Dermoscopy
	Images},
  journal = {Selected Topics in Signal Processing, IEEE Journal of},
  year = {2009},
  volume = {3},
  pages = {35--45},
  number = {1},
  month = {feb. },
  doi = {10.1109/JSTSP.2008.2011119},
  issn = {1932-4553},
  keywords = {EM level set;adaptive snake;adaptive thresholding;automatic method;dermoscopy
	images;fuzzy based split-and-merge algorithm;gradient vector flow;image
	segmentation;level set method;melanoma diagnosis;segmentation method
	comparison;semisupervised methods;skin lesion segmentation;biomedical
	optical imaging;cancer;fuzzy logic;gradient methods;image segmentation;medical
	image processing;skin;}
}

@INPROCEEDINGS{Silvetti2007,
  author = {Andrea Silvetti and Claudio Delrieux},
  title = {Dimensi�n Fractal de Autocorrelaci�n Cuadr�tica en Im�genes Digitales},
  booktitle = {Congreso Argentino de Ciencias de la
	
	Computaci�n},
  year = {2007},
  owner = {Administrador},
  timestamp = {2008.08.21}
}

@INPROCEEDINGS{4379575,
  author = {Ning Situ and Xiaojing Yuan and Zouridakis, G. and Mullani, N.},
  title = {Automatic Segmentation of Skin Lesion Images using Evolutionary Strategy},
  booktitle = {Image Processing, 2007. ICIP 2007. IEEE International Conference
	on},
  year = {2007},
  volume = {6},
  pages = {VI -277 -VI -280},
  month = {16 2007-oct. 19},
  doi = {10.1109/ICIP.2007.4379575},
  issn = {1522-4880},
  keywords = {automatic segmentation;cross-polarization epiluminescence microscopy;evolutionary
	strategy;malignant melanoma;shape feature;skin lesion images;texture
	analysis;transillumination epiluminescence microscopy;bioluminescence;biomedical
	optical imaging;cancer;evolutionary computation;image segmentation;image
	texture;medical image processing;skin;tumours;}
}

@ARTICLE{smith96,
  author = {D. Smith},
  title = {Speckle {R}eduction and {S}egmentation of {SAR} {I}mages},
  journal = {International Journal of Remote Sensing },
  year = {199},
  volume = {17},
  pages = {2043--205},
  number = {11}
}

@ARTICLE{soares96,
  author = {Soares, J. V. and Renn{\'o}, C. D. and Formaggio, A. R. and Yanasse,
	C. C. F and Frery, A. C.},
  title = {Evaluation of Texture Features for Crops Discrimination Using {{SAR}}},
  journal = {Remote Sensing of Environment},
  year = {1997},
  volume = {59},
  pages = {234--247},
  number = {2}
}

@INPROCEEDINGS{SS02,
  author = {D. A. Socolinsky and A. Selinger},
  title = {A comparative analysis of face recognition performance with visible
	and thermal infrared imagery},
  booktitle = {Proceedings ICPR},
  year = {2002},
  month = {August}
}

@INPROCEEDINGS{SS03,
  author = {D.A. Socolinsky and A. Selinger},
  title = {Face recognition with visible and thermal infrared imager},
  booktitle = {Computer Vision and Image Understanding},
  year = {2003},
  month = {July}
}

@BOOK{sonka99,
  title = {Image Processing, Analysis and Machine Vision},
  publisher = {PWS Publishing},
  year = {1999},
  author = {Sonka, M. and Hlavac, V. and Boyle, R.},
  edition = {second}
}

@INPROCEEDINGS{souzafreryigarss99,
  author = {R. M. C. Souza and F. A. T. Carvalho and A. C. Frery},
  title = {Symbolic Approach to {{SAR}} Image Classification},
  booktitle = {International Geoscience and Remote Sensing Symposium: Remote Sensing
	of the System Earth -- A Challenge for the 21st Century},
  year = {1999},
  pages = {1--3},
  address = {Hamburg, Germany},
  organization = {IEEE},
  publisher = {IEEE},
  note = {CD-ROM}
}

@ARTICLE{Srivastava65,
  author = {M. S. Srivastava},
  title = {On the Complex {W}ishart Distribution},
  journal = {Annals of Mathematical Statistics},
  year = {1965},
  volume = {36},
  pages = {313--315},
  number = {1}
}

@INPROCEEDINGS{5711946,
  author = {Zengguo Sun and Chongzhao Han and Xianghui Yuan},
  title = {Parameter estimation of {K} distribution based on second-kind statistics},
  booktitle = {13th Conference on Information Fusion (FUSION)},
  year = {2010},
  pages = {1--6},
  month = {july},
  keywords = {Accuracy;Estimation;Mathematical model;Monte Carlo methods;Parameter
	estimation;Shape;Speckle;Monte Carlo methods;parameter estimation;radar
	clutter;radar imaging;statistical distributions;K distribution;Monte
	Carlo simulation;log-cumulant estimator;parameter estimation;radar
	clutter;radar image;second-kind statistics;shape parameter;K distribution;log-cumulant
	estimator;parameter estimation;second-kind statistics;}
}

@ARTICLE{SwendsenWang87,
  author = {Swendsen, R. and Wang, J.},
  title = {Nonuniversal Critical Dynamics in {M}onte {C}arlo Simulations},
  journal = {Physical Review Letters},
  year = {1987},
  volume = {58},
  pages = {86--88},
  number = {2}
}

@ARTICLE{tabbAhuja97,
  author = {M. Tabb and N. Ahuja},
  title = {Multiscale Image Segmentation by Integrated Edge and Region Detection},
  journal = {IEEE Trans. on Image Processing},
  year = {1997},
  volume = {25},
  pages = {642--655},
  number = {5}
}

@INPROCEEDINGS{Tankam2011,
  author = {Talla Tankam, N. and Dipanda, A. and Fotsing, J. and Tonye, E.},
  title = {{SAR} Image Classification Combining Structural and Statistical Methods},
  booktitle = {Signal-Image Technology and Internet-Based Systems (SITIS), 2011
	Seventh International Conference on},
  year = {2011},
  pages = {468--475},
  month = {28 2011-dec. 1},
  doi = {10.1109/SITIS.2011.13},
  keywords = {Educational institutions;Equations;Fractals;Image classification;Mathematical
	model;Statistical analysis;Structural engineering;fractals;image
	classification;learning (artificial intelligence);statistical analysis;SAR
	image classification;fractal dimension;image window;statistical methods;structural
	method;supervised image classification;SAR image;structural parameter;supervised
	classification;variogram;}
}

@ARTICLE{Taneja2006,
  author = {I. Taneja},
  title = {Bounds on triangular discrimination, harmonic mean and symmetric
	chi-square divergences.},
  journal = {Journal
	
	of Concrete and Applicable Mathematics},
  year = {2006},
  volume = {4},
  pages = {91--111},
  number = {1},
  owner = {Juliana},
  timestamp = {2013.06.04}
}

@ARTICLE{Tang2006,
  author = {Jinshan Tang and Millington, S. and Acton, S.T. and Crandall, J.
	and Hurwitz, S.},
  title = {Surface extraction and thickness measurement of the articular cartilage
	from MR images using directional gradient vector flow snakes},
  journal = {Biomedical Engineering, IEEE Transactions on},
  year = {2006},
  volume = {53},
  pages = {896--907},
  number = {5},
  month = {May},
  doi = {10.1109/TBME.2006.872816},
  owner = {Administrador},
  timestamp = {2007.03.22}
}

@INPROCEEDINGS{Tauberbatatiaayache,
  author = {C. Tauber and H. Batatia and A. Ayache},
  title = {A Robust Speckle Reducing Anisotropic Diffusion},
  booktitle = { International Conference on Image Processing},
  year = {2004},
  pages = {247--250},
  organization = {IEEE},
  publisher = {IEEE}
}

@ARTICLE{Tison2004,
  author = {Tison, C. and Nicolas, J.-M. and Tupin, F. and Maitre, H.},
  title = {A new statistical model for {M}arkovian classification of urban areas
	in high-resolution {SAR} images},
  journal = {IEEE Transactions on Geoscience and Remote Sensing },
  year = {2004},
  volume = {42},
  pages = {2046--2057},
  number = {10},
  issn = {0196-2892}
}

@ARTICLE{touzi88,
  author = {Touzi, R. and Lopes, A. and Bousquet, P.},
  title = {A Statistical and geometrical edge detector for {SAR} images},
  journal = {IEEE Trans. Geosci. Remote Sensing},
  year = {1988},
  volume = {26},
  pages = {764--773},
  number = {11}
}

@ARTICLE{Udupa2006,
  author = {J. K. Udupa and V. R. LeBlanc and Y. Zhuge and C. Imielinska and
	H. Schmidt and L. M. Currie and B. E. Hirsch and J Woodburn},
  title = {A framework for evaluating image segmentation algorithms},
  journal = {Computerized Medical Imaging and Graphics},
  year = {2006},
  volume = {30},
  pages = {75--87},
  doi = {10.1016/j.compmedimag.2005.12.001}
}

@ARTICLE{unserbspline,
  author = {M. Unser and A. Aldroubi and M. Eden},
  title = {{B}-{S}pline Signal Processing: {P}art {I} - {T}heory},
  journal = {IEEE Trans. Signal Process.},
  year = {1993},
  volume = {41},
  pages = {821--833},
  number = {2},
  url = {citeseer.ist.psu.edu/unser93bspline.html}
}

@ARTICLE{vasconcelloseuinterstat98,
  author = {K. Vasconcellos and A. C. Frery},
  title = {Improving Estimation for Intensity {{SAR}} Data},
  journal = {Interstat},
  year = {1998},
  volume = {4},
  pages = {1--25},
  number = {2},
  owner = {Juliana},
  timestamp = {2012.12.28}
}

@INPROCEEDINGS{Vasconcellos1996,
  author = {Vasconcellos, K. L. P. and Frery, A. C.},
  title = {Maximum likelihood fitting of extremely heterogeneous radar clutter},
  booktitle = {First Latino-American Seminar on Radar Remote Sensing: Image Processing
	Techniques (SP 407 Fev. 1997)},
  year = {1996},
  pages = {97--101},
  address = {Noordwijk, The Netherlands},
  organization = {ESA}
}

@ARTICLE{VasconcellosFrerySilva:CompStat,
  author = {K. L. P. Vasconcellos and A. C. Frery and L. B. Silva},
  title = {Improving Estimation in Speckled Imagery},
  journal = {Computational Statistics},
  year = {2005},
  volume = {20},
  pages = {503--519},
  number = {3},
  abstract = {We propose an analytical bias correction for the maximum likelihood
	estimators of theG 1 0 distribution. This distribution is a very
	powerful tool for speckled imagery analysis, since it is capable
	of describing a wide range of target roughness. We compare the performance
	of the corrected estimators with the corresponding original version
	using Monte Carlo simulation. This second-order bias correction leads
	to estimators which are better from both the bias and mean square
	error criteria.},
  doi = {10.1007/BF02741311},
  owner = {Juliana},
  timestamp = {2012.12.28}
}

@INPROCEEDINGS{VazquezMitiche04,
  author = {C. Vazquez and A. Mitiche and I. Ben Ayed},
  title = {Segmentation of vectorial Images by Global Curve Evolution Method},
  booktitle = {Proc. Reconnaissance de Forme et Intelligence Artificielle RFIA-04},
  year = {2004},
  organization = {France}
}

@ARTICLE{5599869,
  author = {Vemuri, B.C. and Meizhu, L. and Amari, S.-I. and Nielsen, F.},
  title = {Total {B}regman Divergence and Its Applications to {DTI} Analysis},
  journal = {IEEE Transactions on Medical Imaging},
  year = {2011},
  volume = {30},
  pages = {475--483},
  number = {2},
  doi = {10.1109/TMI.2010.2086464},
  issn = {0278-0062},
  keywords = {Convex functions;Diffusion tensor imaging;Image segmentation;Loss
	measurement;Robustness;Tensile stress;biomedical MRI;image segmentation;medical
	image processing;piecewise constant techniques;DTI analysis;Kullback-Leibler
	divergence;diffusion tensor magnetic resonance image;pairwise dissimilarity;piecewise
	constant segmentation;piecewise smooth active contour model;positive
	definite matrices;probability density functions;special linear group;square
	loss function;t-center;tensor interpolation;total Bregman divergence;vectors;Bregman
	divergence;Karcher mean;diffusion tensor magnetic resonance image
	(DT-MRI);robustness;segmentation;tensor interpolation;Algorithms;Animals;Brain;Diffusion
	Tensor Imaging;Image Processing, Computer-Assisted;Least-Squares
	Analysis;Rats;Signal Processing, Computer-Assisted;Spinal Cord;}
}

@INPROCEEDINGS{VJS03,
  author = {Viola P., Jones M. and Snow D.},
  title = {Detecting pedestrian using patterns of motions and appearance},
  booktitle = {In Proc. IEEE Conf. Computer Vision},
  year = {2003}
}

@INPROCEEDINGS{Wang2011,
  author = {W. Wang and H. Xu and X. Liu},
  title = {Edge detection of {SAR} images based on edge localization with optical
	images},
  booktitle = {3rd International Asia-Pacific Conference on Synthetic Aperture Radar},
  year = {2011},
  pages = {1--4},
  keywords = {Adaptive optics;Detectors;Image edge detection;Optical detectors;Optical
	imaging;Optical noise;edge detection;image sensors;optical images;optical
	sensors;radar imaging;synthetic aperture radar;Canny detector;ROA
	detector;SAR edge image;computer simulation;edge detection approach;edge
	localization;optical edge image;SAR;edge detection;edge localization;optical
	image;}
}

@INPROCEEDINGS{WasserMejailGamBuemi04,
  author = {D. Wasserman and M.Mejail and J. Gambini and M.Buemi},
  title = {Segmentation with Active Contours: a comparative study of B-spline
	and Level Set Methods},
  booktitle = {CXVII Brazilian Symposium on Computer Graphics and Image Processing
	(SIBGRAPI)/ II Ibero-American Symposium on Computer Graphics (SIACG)},
  year = {2004},
  publisher = {IEEE}
}

@BOOK{Weickert1998,
  title = {Anisotropic Diffusion in Image Processing},
  publisher = {Teubner-Verlag},
  year = {1998},
  author = {Weickert, J.},
  edition = {First}
}

@BOOK{weickert98,
  title = {Anisotropic Diffusion in Image Processing},
  publisher = {Teubner-Verlag},
  year = {1998},
  author = {Weickert, J.},
  edition = {First}
}

@INPROCEEDINGS{Wentz2007,
  author = {Elizatbeth Wentz and Sharolyn Anderson and Claudio Delrieux},
  title = {The fractal dimension of land use and land cover in Phoenix, Arizona},
  booktitle = {American Society for Photogrammetry and Remote Sensing (ASPRS) Tempe
	AZ},
  year = {2007}
}

@INPROCEEDINGS{WPJW96,
  author = {Joseph Wilder and P. Jonathon Phillips and Cunhong Jiang and Stephen
	Wiener},
  title = {Comparison of Visible and Infra-Red Imagery for Face Recognition},
  booktitle = {Proceedings of 2nd International Conference on Automatic Face and
	Gesture Recognition, Killington, VT},
  year = {1996},
  pages = { 182--187}
}

@INPROCEEDINGS{witkin83,
  author = {Witkin, A.},
  title = {Scale-space filtering},
  booktitle = {Int. Joint Conf. Artificial Intelligence},
  year = {1983},
  pages = {1019--1021},
  address = {Karlsruhe, Germany}
}

@ARTICLE{pareto2,
  author = {H.O.A. Wold and P. Whittle},
  title = {A model explaining the Pareto Distribution of wealth},
  journal = {Journal of Econometric Society},
  year = {1957},
  volume = {5},
  number = {24}
}

@ARTICLE{Wold,
  author = {H.O.A. Wold and P. Whittle},
  title = {A model explaining the {Pareto} distribution of wealth},
  journal = {Journal of Econometric Society},
  year = {1957},
  volume = {5},
  pages = {591--595},
  number = {24}
}

@INPROCEEDINGS{DBLP:conf/cvpr/XuP97,
  author = {Chenyang Xu and Jerry L. Prince},
  title = {Gradient Vector Flow: A New External Force for Snakes.},
  booktitle = {CVPR},
  year = {1997},
  pages = {66-}
}

@INPROCEEDINGS{XF02,
  author = {Xu, F.; Fujimura, K.},
  title = {Pedestrian Detection and tracking with night vision},
  booktitle = {In Proc. Intell. Vehicles Symp.},
  year = {2002}
}

@INPROCEEDINGS{Xu2003,
  author = {Fang Xu and Yongjian Yu and Acton, S.T. and Hossack, J.A.},
  title = {Detection of myocardinal boundaries from ultrasound imagery using
	active contours},
  booktitle = {Ultrasonics, 2003 IEEE Symposium on},
  year = {2003},
  volume = {2},
  pages = {1537--1540Vol.2},
  month = {5-8 Oct.},
  doi = {10.1109/ULTSYM.2003.1293199},
  owner = {Administrador},
  timestamp = {2007.03.22}
}

@PHDTHESIS{tesecori,
  author = {Yanasse, C. C. F.},
  title = {Statistical analysis of synthetic aperture radar images and its applications
	to system analysis and change detection},
  school = {University of {S}heffield},
  year = {1991},
  address = {Sheffield, UK}
}

@TECHREPORT{yanas95,
  author = {Yanasse, C. C. F. and Frery, A. C. and Sant'Anna, S. J. S.},
  title = {Stochastic distributions and the multiplicative model: relations,
	properties, estimators and applications to {SAR} image analysis},
  institution = {INPE},
  year = {1995},
  number = {5630-NTC/318},
  address = {S\~ao Jos\'e dos Campos, SP, Brazil}
}

@INPROCEEDINGS{sarex,
  author = {Yanasse, C. C. F. and Frery, A. C. and Sant'Anna, S. J. S. and Hernandez,
	P. F. and Dutra, L. V.},
  title = {Statistical analysis of {SAREX} data over {T}apaj{\'o}s - {B}razil},
  booktitle = {SAREX-92: South American Radar Experiment},
  year = {1993},
  editor = {Wooding, M. and Attema, E.},
  pages = {25--40},
  address = {Paris},
  organization = {ESA}
}

@ARTICLE{corishaunIJRS,
  author = {Yanasse, C. C. F. and Quegan, S. and R. J. Martin},
  title = {Inferences on spatial and temporal variability of the backscatter
	from growing crops using {A}gri{SAR} data},
  journal = {International Journal of Remote Sensing},
  year = {1992},
  volume = {3},
  pages = {493--507}
}

@ARTICLE{yanarsoe96,
  author = {Yanasse, C. C. F. and Sant'Anna, S. J. S. and Frery, A. C. and Renn{\'o},
	C. D. and Soares, J. V. and Luckman, A. J.},
  title = {Exploratory study of the relationship between tropical forest regeneration
	stages and {SIR-C} {L} and {C} data},
  journal = {Remote Sensing of Environment},
  year = {1997},
  volume = {59},
  pages = {180--190}
}

@ARTICLE{YezziTsai02,
  author = {A. Yezzi and A. Tsai and A. Willsky},
  title = {A Fully Global Aproach to Image Segmentation via coupled curve evolution
	equations},
  journal = {Journal of Visual Communication and Image Represetation},
  year = {2002},
  volume = {13},
  pages = {195--216},
  number = {1}
}

@ARTICLE{Yu2004,
  author = {Y. Yu and S.T. Acton},
  title = {Automated delineation of costline from polarimetric {SAR} imagery},
  journal = {International Journal of Remote Sensing},
  year = {2004},
  volume = {25},
  pages = {3423--3438},
  number = {17},
  month = {september},
  owner = {Administrador},
  timestamp = {2007.03.22}
}

@ARTICLE{Yu2004a,
  author = {Yongjian Yu and Acton, S.T.},
  title = {Edge detection in ultrasound imagery using the instantaneous coefficient
	of variation},
  journal = {Image Processing, IEEE Transactions on},
  year = {2004},
  volume = {13},
  pages = {1640--1655},
  number = {12},
  month = {Dec.},
  doi = {10.1109/TIP.2004.836166},
  owner = {Administrador},
  timestamp = {2007.03.22}
}

@INPROCEEDINGS{Yu2003a,
  author = {Yu, Y. and Acton, S.T.},
  title = {Active contours with area-weighted binary flows for segmenting low
	SNR imagery},
  booktitle = {Image Processing, 2003. ICIP 2003. Proceedings. 2003 International
	Conference on},
  year = {2003},
  volume = {1},
  pages = {I--129--32vol.1},
  month = {14-17 Sept.},
  doi = {10.1109/ICIP.2003.1246915},
  owner = {Administrador},
  timestamp = {2007.03.22}
}

@ARTICLE{Yu2002,
  author = {Yongjian Yu and Acton, S.T.},
  title = {Speckle reducing anisotropic diffusion},
  journal = {IEEE Transactions on Image Processing},
  year = {2002},
  volume = {11},
  pages = {1260--1270},
  number = {11},
  month = {Nov.},
  doi = {10.1109/TIP.2002.804276},
  owner = {Administrador},
  timestamp = {2007.03.22}
}

@ARTICLE{Yuacton02,
  author = {Y. Yu and S.T Acton},
  title = { Speckle REducing Anistropic Diffusion},
  journal = {IEEE Trans. on Image Processing},
  year = {2002},
  volume = {11},
  pages = {1260--1270},
  number = {11}
}

@INPROCEEDINGS{Yu2001,
  author = {Yu, Y. and Acton, S.T. and Thornton, K.},
  title = {Detection of radioactive seeds in ultrasound images of the prostate},
  booktitle = {Image Processing, 2001. Proceedings. 2001 International Conference
	on},
  year = {2001},
  volume = {2},
  pages = {319--322vol.2},
  month = {7-10 Oct.},
  doi = {10.1109/ICIP.2001.958492},
  owner = {Administrador},
  timestamp = {2007.03.22}
}

@INPROCEEDINGS{Yumolloyacton04,
  author = {Y. Yu and J.A. Molloy and S. T. Acton},
  title = {Generalized Speckle Reducing Anisotropic Diffusion for Ultrasound
	Imagery},
  booktitle = {Proc. of the IEEE Symposium on Computer -Based Medical System},
  year = {2004},
  pages = {279--284},
  publisher = {IEEE}
}

@INPROCEEDINGS{Yumolloyacton03,
  author = {Y. Yu and J.A. Molloy and S. T. Acton},
  title = {Three-Dimensional Speckle Reducing Anisotropic Diffusion},
  booktitle = {Conference on Signals, Systems and Computers, 2003. Conference Record
	of the Thirty-Seventh Asilomar},
  year = {2003},
  pages = {1987--1991},
  publisher = {IEEE},
  vol = {2}
}

@ARTICLE{Yuille86,
  author = {Yuille, A. and Poggio, T.},
  title = {Scalling theorems for zero crossings},
  journal = {IEEE Transaction on Pattern Analysis and Machine Intelligence},
  year = {1986},
  volume = {8},
  number = {1}
}

@INPROCEEDINGS{Zhang2008,
  author = {Huaizhong Zhang and Morrow, P. and McClean, S. and Saetzler, K. },
  title = {Contour Detection of Labelled Cellular Structures from Serial Ultrathin
	Electron Microscopy Sections using GAC and Prior Analysis},
  booktitle = {Proc. First Workshops on Image Processing Theory, Tools and Applications
	IPTA 2008},
  year = {2008},
  pages = {1--7},
  month = {23--26 Nov. },
  doi = {10.1109/IPTA.2008.4743746},
  owner = {Juliana},
  timestamp = {2009.05.15}
}

@INPROCEEDINGS{Zhang2007,
  author = {Huaizhong Zhang and Morrow, P. and McClean, S. and Saetzler, K. },
  title = {Incorporating Feature Based Priors into the Geodesic Active Contour
	Model and its Application in Biomedical Imagery},
  booktitle = {Proc. International Machine Vision and Image Processing Conference
	IMVIP 2007},
  year = {2007},
  pages = {67--74},
  month = {5--7 Sept. },
  doi = {10.1109/IMVIP.2007.23},
  owner = {Juliana},
  timestamp = {2009.05.15}
}

@ARTICLE{zhuYuille96,
  author = {Zhu, S. and Yuille, A. },
  title = {Region Competition: Unifying snakes, region growing and bayes/{MDL}
	for multiband Image Segmentation},
  journal = {IEEE Transaction on Pattern Anal. and Machine Intelligence},
  year = {1996},
  volume = {18},
  pages = {884--900�},
  number = {9}
}

@INPROCEEDINGS{Zhu1995a,
  author = {Zhu, S.C. and Yuille, A.L.},
  title = {FORMS: a flexible object recognition and modelling system},
  booktitle = {Computer Vision, 1995. Proceedings., Fifth International Conference
	on},
  year = {1995},
  pages = {465--472},
  month = {20-23 June},
  doi = {10.1109/ICCV.1995.466903},
  owner = {Administrador},
  timestamp = {2007.05.07}
}

@INPROCEEDINGS{Zhu1994,
  author = {Song Chun Zhu and Yuille, A.L.},
  title = {A framework for shape representation and recognition},
  booktitle = {Image Processing, 1994. Proceedings. ICIP-94., IEEE International
	Conference},
  year = {1994},
  volume = {1},
  pages = {671--675},
  month = {13-16 Nov.},
  doi = {10.1109/ICIP.1994.413399}
}

@ARTICLE{,
  owner = {Juliana},
  timestamp = {2014.04.15}
}

@ARTICLE{Sheather2004,
  author = {Sheather, S.},
  title = {Density estimation},
  journal = {Statistical Science},
  year = {2004},
  volume = {19},
  pages = {588--597},
  number = {4}
}

@ARTICLE{Jones1996,
  author = {Jones, M. C. and Marron, J. S. and Sheather,S. J.},
  title = {A brief survey of bandwidth selection for density estimation},
  journal = {Journal of the American Statistical Association},
  year = {1996},
  volume = {91},
  pages = {401--407},
  number = {433}
}

@ARTICLE{Jones1993,
  author = {Jones, M. C.},
  title = {Simple boundary correction for density estimation},
  journal = {Statistics and Computing},
  year = {1993},
  volume = {3},
  pages = {135--146},
  number = {3}
}

@MISC{Sain94,
    author = {Stephan R. Sain},
    title = {Adaptive Kernel Density Estimation},
    year = {1994}
}

@ARTICLE{Deheuvels1997,
  author = {Deheuvels, P.},
  title = {Estimation non param\'etrique de la densit\'e par histogrammes g\'en\'eralis\'es},
  journal = {Revue Statistique Appliqu\'ee},
  year = {1997},
  volume = {25},
  pages = {5--42},
  number = {3}
}

@ARTICLE{Bowman1984,
  author = {Bowman, A.W.},
  title = {An Alternative Method of Cross-Validation for the Smoothing of Density Estimates},
  journal = {Biometrika},
  year = {1984},
  volume = {71},
  pages = {353--360},
  number = {2}
}

@ARTICLE{Karunami2005,
  author = {Karunamuni, R.J. and Alberts, T.},
  title = {On boundary correction in kernel density estimation},
  journal = {Statistical Methodology},
  year = {2005},
  volume = {2},
  pages = {191--212},
  number = {3}
}


@ARTICLE{Loader1999,
  author = {Loader,C. R.},
  title = {Bandwidth selection: classical or plug-in?},
  journal = {The Annals of Statistics},
  year = {1999},
  volume = {27},
  pages = {415--438},
  number = {2}
}

@ARTICLE{JonesFoster1996,
  author = {Jones, M. C. and Foster, P. J. },
  title = {A Simple Nonnegative Boundary Correction Method for Kernel Density Estimation},
  journal = {Statistica Sinica},
  year = {1996},
  volume = {6},
  pages = {1005--1013},
  number = {}
}


@ARTICLE{Rudemo1982,
  author = {Rudemo, M.},
  title = {Empirical Choice of Histograms and Kernel Density Estimators},
  journal = {Scandinavian Journal of Statistics},
  year = {1982},
  volume = {9},
  pages = {65--78},
  number = {2}
}

@ARTICLE{HallMarron1991,
	author = {Hall, P and Marron, J. S. },
	title = {Local minima in cross-validation functi
	ons},
	journal = {Journal of the 
	Royal Statistical Society, Series B},
	year = {1991},
	volume = {53},
	pages = {245--252},
	number = {}
}

@BOOK{Silverman1986,
  title = {Density Estimation for Statistics and Data Analysis},
  publisher = {London: Chapman and Hall},
  year = {1986},
  author = {Silverman, B. W.},
  edition = {First}
}

@BOOK{Scott1992,
  title = {Multivariate Density Estimation},
  publisher = {John wiley and Sons, New York},
  year = {1992},
  author = {Scott, D.W.},
  edition = {First}
}

@ARTICLE{Salicru1994,
	author = {Salicr{\'u}, M. and Morales, D. and Menendez, M. L. and Pardo, L.},
	title = {On the Applications of Divergence Type Measures in Testing Statistical Hyphoteses},
	journal = {Journal of Multivariate Analysis},
	year = {1994},
	volume = {51},
	number = {2},
	pages = {372--391}
}

@ARTICLE{AliandSilvey1996,
	author = {S. Ali and S. Silvey},
	title = {A General Class of Coefficients of Divergence of One Distribution from Another},
	journal = {Journal of Royal Statistical Society. Series B (Methodological)},
	year = {1966},
	volume = {28},
	number = {1},
	pages = {131--142}
}

@ARTICLE{Nascimento2009,
 Title                    = {Hypothesis Testing in Speckled Data with Stochastic Distances},
  Author                   = {A. D. C. Nascimento and Cintra, R. J. and Frery, A. C.},
  Journal                  = {IEEE Transactions on Geoscience and Remote Sensing},
  Pages                    = {373--385},
  Volume                   = {48},
  Year                     = {2010},

  Arxiv                    = {1207.2959v1},
  Number                   = {1},

  Abstract                 = {Images obtained with coherent illumination, as is the case of sonar, ultrasound-B, laser and Synthetic Aperture Radar -- SAR, are affected by speckle noise which reduces the ability to extract information from the data. Specialized techniques are required to deal with such imagery, which has been modeled by the G0 distribution and under which regions with different degrees of roughness and mean brightness can be characterized by two parameters; a third parameter, the number of looks, is related to the overall signal-to-noise ratio. Assessing distances between samples is an important step in image analysis; they provide grounds of the separability and, therefore, of the performance of classification procedures. This work derives and compares eight stochastic distances and assesses the performance of hypothesis tests that employ them and maximum likelihood estimation. We conclude that tests based on the triangular distance have the closest empirical size to the theoretical one, while those based on the arithmetic-geometric distances have the best power. Since the power of tests based on the triangular distance is close to optimum, we conclude that the safest choice is using this distance for hypothesis testing, even when compared with classical distances as Kullback-Leibler and Bhattacharyya.},
  Doi                      = {10.1109/TGRS.2009.2025498},
  Keywords                 = {Contrast measures, image analysis, information theory, multiplicative model, speckle noise, synthetic aperture radar (SAR) imagery.}
}
}

@Article{Hayakawa1951,
  author  = {M. Hayakawa},
  title   = {The applications of Pareto's law of income to Japanese data},
  journal = {Journal of Econometric Society},
  year    = {1951},
  volume  = {19},
  number  = {2},
  pages   = {1--2},
}

@Article{Wold1957,
  author  = {H.O.A. Wold and P. Whittle},
  title   = {A model explaining the Pareto Distribution of wealth},
  journal = {Journal of Econometric Society},
  year    = {1957},
  volume  = {5},
  number  = {24},
}

@Article{Dagsvik2013,
  author  = {J. Dagsvik and Z. Jia and B. Vatne and W. Zu},
  title   = {Is the Pareto-Levy law a good representation of income distribution?},
  journal = {Empirical Economics},
  year    = {2013},
  volume  = {44},
  number  = {2},
}

@Article{Mandelbrot1960,
  author  = {B. Mandelbrot},
  title   = {The Pareto-Levy law and the distribution of income},
  journal = {International Economic Review},
  year    = {1960},
  volume  = {1},
  number  = {2},
}

@ARTICLE{Perry,
	author = {Ch. Perry},
	title = {{Pareto's} Contribution to Social Science},
	journal = {International Journal of Ethics},
	year = {19350},
	volume = {46},
	number = {1},
	pages = {96--107}
}

@ARTICLE{Coate,
	author = {S. Coate},
	title = {Pareto-Improving Campaign Finance Policy},
	journal = {The American Economic Review},
	year = {2004},
	volume = {94},
	number = {3},
	pages = {628--655}
}

@Article{MONTFORT2004,
  author  = {M. A. J. VAN MONTFORT and J. V. WITTER},
  title   = {The Generalized {Pareto} distribution applied to rainfall depths},
  journal = {Hydrological Sciences Journal},
  year    = {2004},
  volume  = {31},
  number  = {2},
  pages   = {151--162},
}

@ARTICLE{Igarashi2015,
	author = {G. Igarashi and Y. Kakizawa},
	title = {Bias corrections for some asymmetric kernel estimators},
	journal = {Journal of Statistical Planning and Inference},
	year = {2015},
	volume = {159},
	number = {},
	pages = {37--63}
}

@PhdThesis{Libnegue2013,
	title = "{M\'ethode non-param\'etrique des noyaux associ\'es mixtes et applications}",
	author = "Francial Giscard Baudin Libengu\'e Dob\'el\'e-Kpoka",
	school = "\'Ecole Doctorale Carnot-Pasteur -- \'Ecole Doctorale des Sciences et Technologie",
	month = {June},
	year = "2013",
}

@book{pardo2005statistical,
	title={Statistical inference based on divergence measures},
	author={Pardo, Leandro},
	volume={185},
	year={2005},
	publisher={Chapman \& Hall/CRC}
}

@ARTICLE{bouezmarni2005,
	author = {Bouezmarni, T. and Scaillet,O.},
	title = {Consistency of Asymmetric Kernel Density
	Estimators and Smoothed Histograms with
	Application to Income Data},
	journal = {Econometric Theory},
	year = {2005},
	volume = {21},
	pages = {390--412},
	number = {2}
}

@ARTICLE{anfinsen2009,
	author = {Anfinsen, S and Doulgeris, A and Eltoft, T},
	title = {Estimation of the Equivalent Number of Looks in
	Polarimetric Synthetic Aperture Radar Imagery},
	journal = {IEEE Transactions on Geoscience and Remote Sensing},
	year = {2009},
	volume = {47},
	pages = {3795--3809},
	number = {11}
}

@ARTICLE{Roseanblatt56,
	author = {Rosenblatt, M},
	title = {Remarks on Some Nonparametric Estimates of a Density Function},
	journal = {Annals of Mathematical Statistics},
	year = {1956},
	volume = {27},
	pages = {832--837},
	number = {3}
}

@ARTICLE{Parzen62,
	author = {Parzen, E},
	title = {On Estimation of a Probability Density Function and Mode},
	journal = {Annals of Mathematical Statistics},
	year = {1962},
	volume = {33},
	pages = {1065--1076},
	number = {3}
}

@Article{RousseeuwCSDA,
	Title                    = {Robust Estimation in Very Small Samples},
	Author                   = {P. J. Rousseeuw and S. Verboven},
	Journal                  = {Computational Statistics and Data Analysis},
	Pages                    = {741--758},
	Volume                   = {40},
	Year                     = {2002},
	Number                   = {4},
}

@book{Andrews1972,
	title={Robust Estimates of Location:	Survey and Advances},
	author={D. Andrews and P. Bickel and F. Hampel and P.J. Huber and W. Rogers and J. Tuckey},
	volume={},
	year={1972},
	publisher={New Jersey: Princeton University Press},
}


@ARTICLE{Khan2012,
	author={S. Khan and R. Guida},
	journal={IEEE Journal of Selected Topics in Applied Earth Observations and Remote Sensing},
	title={On Single-Look Multivariate $\mathcal{G}$ Distribution for {P}ol{SAR} Data},
	year={2012},
	volume={5},
	number={4},
	pages={1149-1163},
	keywords={geophysical image processing;maximum likelihood estimation;numerical analysis;radar imaging;radar polarimetry;remote sensing by radar;statistical distributions;synthetic aperture radar;G distribution family;HR-SAR;S-band submeter resolution PolSAR data;SAR image single look processing;X-band submeter resolution PolSAR data;extremely heterogeneous polarimetric SAR data;high resolution synthetic aperture radar;homogeneous polarimetric SAR data;maximum likelihood estimation;maximum likelihood parameter estimates;multivariate Gp0 distribution;multivariate Kp distribution;numerical MLE method;parameter estimation;single look Gp0 distribution;single look Kp distribution;single look image processing;single look multivariate G distribution;speckle covariance matrix estimation;Backscatter;Covariance matrix;Data models;Maximum likelihood estimation;Noise;Random variables;Speckle;Data models;radar polarimetry;synthetic aperture radar},
	doi={10.1109/JSTARS.2012.2202557},
	ISSN={1939-1404},
	month={Aug},}


@ARTICLE{Cui2014,
	author={S. Cui and G. Schwarz and M. Datcu},
	journal={IEEE Geoscience and Remote Sensing Letters},
	title={A Comparative Study of Statistical Models for Multilook SAR Images},
	year={2014},
	volume={11},
	number={10},
	pages={1752-1756},
	keywords={radar imaging;statistical analysis;synthetic aperture radar;image content;image product generation options;multilook SAR images;multilook synthetic aperture radar amplitude images;pixel resolution;pixel spacing;statistical models;Accuracy;Computational modeling;Image resolution;Nakagami distribution;Numerical models;Standards;Synthetic aperture radar;Multilook SAR;parameter estimation;statistical models;synthetic aperture radar (SAR)},
	doi={10.1109/LGRS.2014.2307952},
	ISSN={1545-598X},
	month={Oct},}

@article{cao1995minimum,
	title={Minimum distance density-based estimation},
	author={Cao, R. and Cuevas, A. and Fraiman, R.},
	journal={Computational Statistics \& Data Analysis},
	volume={20},
	number={6},
	pages={611--631},
	year={1995},
	publisher={Elsevier}
}


@article{Sahler1970,
	author = {Sahler, W.},
	journal = {Metrika},
	pages = {85-106},
	title = {Estimation by Minimum-Discrepancy Methods},
	url = {http://eudml.org/doc/175451},
	volume = {16},
	year = {1970},
}

@article{nicolas2002,
	title={Introduction to second kind statistics: Application of log-moments and log-cumulants to the analysis of radar image distributions},
	author={Nicolas, J-M. and Anfinsen, S. N.},
	journal={Traitement du Signal},
	volume={19},
	number={3},
	pages={139--167},
	year={2002}
}


@article{wolfowitz1957,
	author = {Wolfowitz, J.},
	doi = {10.1214/aoms/1177707038},
	journal = {The Annals of Mathematical Statistics},
	month = {03},
	number = {1},
	pages = {75--88},
	publisher = {The Institute of Mathematical Statistics},
	title = {The Minimum Distance Method},
	url = {http://dx.doi.org/10.1214/aoms/1177707038},
	volume = {28},
	year = {1957}
}

@article{wolfowitz1953,
	author = {Wolfowitz, J.},
	title = {Estimation by the Minimum Distance Method},
	journal = {Annals of the Institute of Statistical Mathematics},
	volume = {5},
	pages = {9-23},
	year = {1953},
	doi = {10.1007/BF02949797}
	}
	
@article{wolfowitz1954,
	author =  {Wolfowitz, J.},
	doi =  {10.1214/aoms/1177728782},
	fjournal =  {The Annals of Mathematical Statistics},
	journal =  {Ann. Math. Statist.},
	month =  {06},
	number =  {2},
	pages =  {203--217},
	publisher =  {The Institute of Mathematical Statistics},
	title = {Estimation by the Minimum Distance Method in Nonparametric Stochastic Difference Equations},
	url =  {https://doi.org/10.1214/aoms/1177728782},
	volume =  {25},
	year =  {1954}
}

@article{parr1982,
	author = {W. C. Parr and W. R. Schucany},
	journal = {Journal of the Royal Statistical Society. Series B (Methodological)},
	number = {2},
	pages = {178-189},
	publisher = {[Royal Statistical Society, Wiley]},
	title = {Minimum Distance Estimation and Components of Goodness-of-Fit Statistics},
	volume = {44},
	year = {1982}
}


@Manual{RLanguage,
    title = {R: A Language and Environment for Statistical Computing},
    author = {{R Core Team}},
    organization = {R Foundation for Statistical Computing},
    address = {Vienna, Austria},
    year = {2016},
    url = {https://www.R-project.org/},
  }
  
  @book{Luenberger2008,
  	title={Linear and Nonlinear Programming},
  	author={ Luenberger, D. and Ye, Y.},
  	volume={},
  	year={2008},
  	publisher={Springer Science+Business Media, LLC},
  }
  
  @ARTICLE{Jin2003,
  	title = {Birnbaum-{S}aunders and Lognormal Kernel Estimators for Modelling Durations in High Frequency Financial Data},
  	author = {Jin, X. and Kawczak, J.},
  	year = {2003},
  	journal = {Annals of Economics and Finance},
  	volume = {4},
  	number = {1},
  	pages = {103-124},
  	abstract = {In this article we extend the class of non-negative, asymmetric kernel density estimators and propose Birnbaum-Saunders (BS) and lognormal (LN) kernel density functions. The density functions have bounded support on [0,1). Both BS and LN kernel estimators are free of boundary bias, non-negative, with natural varying shape, and achieve the optimal rate of convergence for the mean integrated squared error. We apply BS and LN kernel density estimators to high frequency intraday time duration data. The comparisons are made on several nonparametric kernel density estimators. BS and LN kernels perform better near the boundary in terms of bias reduction.},
  	keywords = {Birnbaum-Saunders kernel; Lognormal kernel; High frequency; ACD model; Durations},
  	url = {http://EconPapers.repec.org/RePEc:cuf:journl:y:2003:v:4:i:1:p:103-124}
  }
  
  @ARTICLE{Szajnowski1977,
  	author = {{Szajnowski}, W.},
  	title = "{Estimators of Log-Normal Distribution Parameters}",
  	journal = {IEEE Transactions on Aerospace Electronic Systems},
  	year = 1977,
  	month = sep,
  	volume = 13,
  	pages = {533-536},
  	doi = {10.1109/TAES.1977.308418},
  	adsurl = {http://adsabs.harvard.edu/abs/1977ITAES..13..533S},
  	adsnote = {Provided by the SAO/NASA Astrophysics Data System}
  }
  
  @article{cox1968,
  	ISSN = {00359246},
  	author = {D. R. Cox, E. J. Snell},
  	journal = {Journal of the Royal Statistical Society. Series B (Methodological)},
  	number = {2},
  	pages = {248-275},
  	publisher = {[Royal Statistical Society, Wiley]},
  	title = {A General Definition of Residuals},
  	volume = {30},
  	year = {1968}
  }
@Article{,
}

@Comment{jabref-meta: databaseType:bibtex;}


%%%%%%%%%%%%%%%%%%%%%%%%%%%%%%%%%%%%%%%%%%%%%%%%%%%%%%%%%%%%%%%%%%%%%%%%%%%%%%%%%%%%%%%%%%%%%%%%%%%%%%%%%%%%%%%%%%%%%%%%%%%%%%%%%%%%%%


@article{Vijay2011,
	author = { Vijay   Kumar  and  Gopalan   Venkataraman },
	title = {SAR interferometric coherence analysis for snow cover mapping in the western Himalayan region},
	journal = {International Journal of Digital Earth},
	volume = {4},
	number = {1},
	pages = {78-90},
	year = {2011},
	doi = {10.1080/17538940903521591},
	URL = {http://dx.doi.org/10.1080/17538940903521591},
	eprint = {http://dx.doi.org/10.1080/17538940903521591}
	}

@article{Yinghui2017,
	author = {Yinghui Yang and Qiang Chen and Qian Xu and Yijun Zhang and Qi Yong and Guoxiang Liu},
	title = {Coseismic surface deformation of the 2014 Napa earthquake mapped by Sentinel-1A SAR and accuracy assessment with COSMO-SkyMed and GPS data as cross validation},
	journal = {International Journal of Digital Earth},
	volume = {0},
	number = {0},
	pages = {1-17},
	year = {2017},
	doi = {10.1080/17538947.2017.1299806},
	URL = {http://dx.doi.org/10.1080/17538947.2017.1299806},
	eprint = {http://dx.doi.org/10.1080/17538947.2017.1299806}
	}


@article{Abdikan2014,
	author = {Saygin Abdikan and Fusun Balik Sanli and Filiz Sunar and Manfred Ehlers},
	title = {A comparative data-fusion analysis of multi-sensor satellite images},
	journal = {International Journal of Digital Earth},
	volume = {7},
	number = {8},
	pages = {671-687},
	year = {2014},
	doi = {10.1080/17538947.2012.748846},
	URL = {http://dx.doi.org/10.1080/17538947.2012.748846},
	eprint = {http://dx.doi.org/10.1080/17538947.2012.748846}
	}


@article{Brisco2013,
	author = { B.   Brisco  and  A.   Schmitt  and  K.   Murnaghan  and  S.   Kaya  and  A.   Roth },
	title = {SAR polarimetric change detection for flooded vegetation},
	journal = {International Journal of Digital Earth},
	volume = {6},
	number = {2},
	pages = {103-114},
	year = {2013},
	doi = {10.1080/17538947.2011.608813},
	URL = { 
	http://dx.doi.org/10.1080/17538947.2011.608813},
	eprint = { 
	http://dx.doi.org/10.1080/17538947.2011.608813}
	}


@article{Caccetta2016,
	author = {Peter Caccetta and Simon Collings and Andrew Devereux and Kassell Hingee and Don McFarlane and Anthony Traylen and Xiaoliang Wu and Zheng-Shu Zhou},
	title = {Monitoring land surface and cover in urban and peri-urban environments using digital aerial photography},
	journal = {International Journal of Digital Earth},
	volume = {9},
	number = {5},
	pages = {457-475},
	year = {2016},
	doi = {10.1080/17538947.2015.1046510},
	URL = {http://dx.doi.org/10.1080/17538947.2015.1046510},
	eprint = {http://dx.doi.org/10.1080/17538947.2015.1046510}
	}


@article{CaihongMa2014,
	author = {Caihong Ma and Qin Dai and Jianbo Liu and Shibin Liu and Jin Yang},
	title = {An improved SVM model for relevance feedback in remote sensing image retrieval},
	journal = {International Journal of Digital Earth},
	volume = {7},
	number = {9},
	pages = {725-745},
	year = {2014},
	doi = {10.1080/17538947.2013.781238},
	URL = {http://dx.doi.org/10.1080/17538947.2013.781238},
	eprint = {http://dx.doi.org/10.1080/17538947.2013.781238}
	}


@article{BiaoDeng2013,
	author = { Biao   Deng  and  Yueping   Nie  and  Huadong   Guo  and  Changlin   Wang  and  Shenglin   Lei  and  Rong   Li },
	title = {Remote sensing detection and verification of disappeared reservoirs along the Grand Canal of China},
	journal = {International Journal of Digital Earth},
	volume = {6},
	number = {3},
	pages = {219-232},
	year = {2013},
	doi = {10.1080/17538947.2011.625048},
	URL = { 
	http://dx.doi.org/10.1080/17538947.2011.625048},
	eprint = { 
	http://dx.doi.org/10.1080/17538947.2011.625048}
	}


@article{Galiano2014,
	author = {Victor F. Rodriguez-Galiano and Mario Chica-Rivas},
	title = {Evaluation of different machine learning methods for land cover mapping of a Mediterranean area using multi-seasonal Landsat images and Digital Terrain Models},
	journal = {International Journal of Digital Earth},
	volume = {7},
	number = {6},
	pages = {492-509},
	year = {2014},
	doi = {10.1080/17538947.2012.748848},
	URL = { 
	http://dx.doi.org/10.1080/17538947.2012.748848},
	eprint = { 
	http://dx.doi.org/10.1080/17538947.2012.748848
	}
	}

@article{MingLi2017,
	author = {Ming Li and Wei Guo and Lian Duan and Xinyan Zhu},
	title = {A case-based reasoning approach for task-driven spatial–temporally aware geospatial data discovery through geoportals},
	journal = {International Journal of Digital Earth},
	volume = {0},
	number = {0},
	pages = {1-20},
	year = {2017},
	doi = {10.1080/17538947.2017.1285968},
	URL = {http://dx.doi.org/10.1080/17538947.2017.1285968},
	eprint = {http://dx.doi.org/10.1080/17538947.2017.1285968}
	}

@article{Su2016,
	author = {Yanjun Su and Qin Ma and Qinghua Guo},
	title = {Fine-resolution forest tree height estimation across the Sierra Nevada through the integration of spaceborne LiDAR, airborne LiDAR, and optical imagery},
	journal = {International Journal of Digital Earth},
	volume = {10},
	number = {3},
	pages = {307-323},
	year = {2017},
	doi = {10.1080/17538947.2016.1227380},
	URL = {http://dx.doi.org/10.1080/17538947.2016.1227380},
	eprint = {http://dx.doi.org/10.1080/17538947.2016.1227380}
}

@article{Lu2016,
	author = {Dengsheng Lu and Qi Chen and Guangxing Wang and Lijuan Liu and Guiying Li and Emilio Moran},
	title = {A survey of remote sensing-based aboveground biomass estimation methods in forest ecosystems},
	journal = {International Journal of Digital Earth},
	volume = {9},
	number = {1},
	pages = {63-105},
	year = {2016},
	doi = {10.1080/17538947.2014.990526},
	URL = {http://dx.doi.org/10.1080/17538947.2014.990526},
	eprint = {http://dx.doi.org/10.1080/17538947.2014.990526}
}

@article{Liu2015,
	author = {Meng Liu and Hong Zhang and Chao Wang and Yixian Tang and Bo Zhang and Fan Wu and Tao Wu and Xi Chen},
	title = {Polarimetric synthetic aperture radar change detection for specific land cover types},
	journal = {International Journal of Digital Earth},
	volume = {8},
	number = {4},
	pages = {334-344},
	year = {2015},
	doi = {10.1080/17538947.2013.872702},
	URL = {http://dx.doi.org/10.1080/17538947.2013.872702},
	eprint = {http://dx.doi.org/10.1080/17538947.2013.872702}
}

@article{Paninski2004,
	author = {Liam Paninski},
	title = {Maximum likelihood estimation of cascade point-process neural encoding models},
	journal = {Network: Computation in Neural Systems},
	volume = {15},
	number = {4},
	pages = {243-262},
	year = {2004},
	doi = {10.1088/0954-898X\_15\_4\_002},
	note ={PMID: 15600233},
	URL = {http://www.tandfonline.com/doi/abs/10.1088/0954-898X_15_4_002},
	eprint = {http://www.tandfonline.com/doi/pdf/10.1088/0954-898X_15_4_002}
	}

@article{AlvarezLopez2017,
	author = {Yuri Álvarez López and María García Fernández and Ana Arboleya Arboleya and Borja González-Valdés and Yolanda Rodríguez Vaqueiro and Fernando Las-Heras Andrés and Antonio Pino García},
	title = {SAR-based technique for soil permittivity estimation},
	journal = {International Journal of Remote Sensing},
	volume = {38},
	number = {18},
	pages = {5168-5185},
	year = {2017},
	doi = {10.1080/01431161.2017.1335910},
	URL = {http://dx.doi.org/10.1080/01431161.2017.1335910},
	eprint = {http://dx.doi.org/10.1080/01431161.2017.1335910}
	}

@article{Bian2013,
	author = { Yong   Bian },
	title = {Polarimetric SAR statistical analysis using alpha-stable distribution and its application in optimal despeckling},
	journal = {International Journal of Remote Sensing},
	volume = {34},
	number = {19},
	pages = {6796-6836},
	year = {2013},
	doi = {10.1080/01431161.2013.808778},
	URL = {http://dx.doi.org/10.1080/01431161.2013.808778},
	eprint = {http://dx.doi.org/10.1080/01431161.2013.808778}
	}
	
@phdthesis{libengue2013,
	TITLE = {{Non parametric method of mixed associated kernels and applications}},
	AUTHOR = {Libengue Dobele-kpoka, Francial Giscard Baudin Libengu{\'e} Dob{\'e}l{\'e}-Kpoka},
	URL = {https://tel.archives-ouvertes.fr/tel-01124288},
	NUMBER = {2013BESA2007},
	SCHOOL = {{Universit{\'e} de Franche-Comt{\'e}}},
	YEAR = {2013},
	MONTH = Jun,
	KEYWORDS = {Unimodal kernel ; Time-scales ; Nonparametric kernel estimation ; Mixture model ; Mixed density ; Dispersion parameter ; Cross-validation ; Boundary effect ; Asymmetric kernel ; Validation crois{\'e}e ; Param{\`e}tre de dispersion ; Noyau uni-modal ; Mod{\`e}le de m{\'e}lange ; Estimation non-param{\'e}trique par noyau ; Effet de bords ; {\'E}chelles de temps ; Convergence ; Densit{\'e} mixte},
	TYPE = {Theses},
	PDF = {https://tel.archives-ouvertes.fr/tel-01124288/file/2013BESA2007.pdf},
	HAL_ID = {tel-01124288},
	HAL_VERSION = {v1},
}

@article{Tur1982,
author = {Tur, M and Chin, K.C. and Goodman, Joseph},
year = {1982},
month = {04},
pages = {1157-9},
title = {When is speckle noise multiplicative?},
volume = {21},
booktitle = {Applied optics}
}

@article{Freitas2005,
author = {Freitas, C. and Frery, A. C. and Correia, A.},
title = {The polarimetric $\mathcal G$ distribution for SAR data analysis},
journal = {Environmetrics},
year={2005},
volume = {16},
number = {1},
pages = {13-31},
doi = {10.1002/env.658},
url = {https://onlinelibrary.wiley.com/doi/abs/10.1002/env.658},
eprint = {https://onlinelibrary.wiley.com/doi/pdf/10.1002/env.658}
}

@article{Planinsic2018,
	author = {Planinsic, Peter and Gleich, Dusan},
	year = {2018},
	month = {01},
	pages = {1-5},
	title = {Temporal Change Detection in SAR Images Using Log Cumulants and Stacked Autoencoder},
	booktitle = {IEEE Geoscience and Remote Sensing Letters}
}


@article{Oliver1993,
	author={Oliver, C.},
	title={Optimum texture estimators for {SAR} clutter},
	journal={Journal of Physics D: Applied Physics},
	volume={26},
	number={11},
	pages={1824},
	url={http://stacks.iop.org/0022-3727/26/i=11/a=002},
	year={1993},
	abstract={This paper analyses various estimators for characterizing synthetic aperture radar clutter textures. First, we consider maximum likelihood estimators, which require specific knowledge of the form of the probability distribution of the data but would be expected to yield the best performance. Both K- and Weibull-distributed clutter models, which are often applied to characterize natural SAR clutter, are considered. Though a full maximum likelihood solution is impossible for the K distribution, we derive an approximate one for the multi-look case. We next derive expressions for limiting errors in a variety of direct texture estimators and compare their predicted performance with the maximum likelihood estimates in a search for robust, optimum texture estimators.}
}

@ARTICLE{Li2011,
	author={H. C. Li and W. Hong and Y. R. Wu and P. Z. Fan},
	journal={IEEE Journal of Selected Topics in Signal Processing},
	title={On the Empirical-Statistical Modeling of SAR Images With Generalized Gamma Distribution},
	year={2011},
	volume={5},
	number={3},
	pages={386-397},
	keywords={gamma distribution;radar imaging;synthetic aperture radar;GDD;Polygamma function;SAR image;closed-form estimator;empirical-statistical modeling;generalized gamma distribution;land-cover typology;numerical iterative process;second-order approximation;state-of-the-art pdfs;Laboratories;Moment methods;Nakagami distribution;Parameter estimation;Probability density function;Speckle;Synthetic aperture radar;Generalized Gamma distribution;Polygamma function;probability density function (pdf);second-kind cumulants;synthetic aperture radar (SAR) images},
	doi={10.1109/JSTSP.2011.2138675},
	ISSN={1932-4553},
	month={June},}

@ARTICLE{Planinsic2018,
	author={P. Planinšič and D. Gleich},
	journal={IEEE Geoscience and Remote Sensing Letters},
	title={Temporal Change Detection in SAR Images Using Log Cumulants and Stacked Autoencoder},
	year={2018},
	volume={15},
	number={2},
	pages={297-301},
	keywords={Decoding;Discrete wavelet transforms;Feature extraction;Support vector machines;Synthetic aperture radar;Change detection algorithms;feature extraction;image processing;neural networks;synthetic aperture radar (SAR)},
	doi={10.1109/LGRS.2017.2786344},
	ISSN={1545-598X},
	month={Feb},}

@article{Beran1977,
	author = "Beran, R",
	doi = "10.1214/aos/1176343842",
	fjournal = "The Annals of Statistics",
	journal = "Ann. Statist.",
	month = "05",
	number = "3",
	pages = "445--463",
	publisher = "The Institute of Mathematical Statistics",
	title = "Minimum Hellinger Distance Estimates for Parametric Models",
	url = "https://doi.org/10.1214/aos/1176343842",
	volume = "5",
	year = "1977"
}

@article{Beran1994,
	author = "Beran, R. and Millar, P. W.",
	doi = "10.1214/aos/1176325767",
	fjournal = "The Annals of Statistics",
	journal = "Ann. Statist.",
	month = "12",
	number = "4",
	pages = "1976--1992",
	publisher = "The Institute of Mathematical Statistics",
	title = "Minimum Distance Estimation in Random Coefficient Regression Models",
	url = "https://doi.org/10.1214/aos/1176325767",
	volume = "22",
	year = "1994"
}

@article{Wolfowitz1954,
	author = "Wolfowitz, J.",
	doi = "10.1214/aoms/1177728782",
	fjournal = "The Annals of Mathematical Statistics",
	journal = "Ann. Math. Statist.",
	month = "06",
	number = "2",
	pages = "203--217",
	publisher = "The Institute of Mathematical Statistics",
	title = "Estimation by the Minimum Distance Method in Nonparametric Stochastic Difference Equations",
	url = "https://doi.org/10.1214/aoms/1177728782",
	volume = "25",
	year = "1954"
}


@BOOK{Basu2011,
	title = {Statistical Inference The Minimum Distance Approach},
	publisher = {Chapman and Hall/CRC},
	year = {2011},
	author = {Basu, A. and Shioya, H. and Park, C.},
	isbn = {9781420099652 }
	}

@article{Boos1981,
	author = { Boos,D. },
	title = {Stochastic Approaches of Minimum Distance
	Method for Region Based Classification},
	journal = {Journal of the American Statistical Association},
	volume = {76},
	number = {375},
	pages = {663-670},
	year  = {1981},
	publisher = {Taylor & Francis},
	doi = {10.1080/01621459.1981.10477701},
	
	URL = { 
	http://amstat.tandfonline.com/doi/abs/10.1080/01621459.1981.10477701
	
	},
	eprint = { 
	http://amstat.tandfonline.com/doi/pdf/10.1080/01621459.1981.10477701
	
	}
	
}

@BOOK{KullbackBook1968,
	title = {Information Theory and Statistics},
	publisher = {Dover Publications},
	year = {1968},
	author = {Kullback, S.}
	}


@article{Parr1980,
	author = { William C.   Parr  and  William R.   Schucany },
	title = {Minimum Distance and Robust Estimation},
	journal = {Journal of the American Statistical Association},
	volume = {75},
	number = {371},
	pages = {616-624},
	year  = {1980},
	publisher = {Taylor & Francis},
	doi = {10.1080/01621459.1980.10477522},
	
	URL = { 
	http://amstat.tandfonline.com/doi/abs/10.1080/01621459.1980.10477522
	
	},
	eprint = { 
	http://amstat.tandfonline.com/doi/pdf/10.1080/01621459.1980.10477522
	
	}
	
}


@INPROCEEDINGS{Chan2017,
author = {Chan, D. and Rey, A. and Gambini, J. and Cassetti, J. and Frery, A.},
year = {2017},
month = {07},
pages = {3003-3006},
title = {Methods and frameworks for sampling $\mathcal{G}_I^0$ data},
doi = {10.1109/IGARSS.2017.8127630}
}

@book{abramowitz1964,
	title={Handbook of Mathematical Functions: With Formulas, Graphs, and Mathematical Tables},
	author={Abramowitz, M. and Stegun, I.A.},
	isbn={9780486612720},
	lccn={lc65012253},
	series={Applied mathematics series},
	url={https://books.google.com.ar/books?id=MtU8uP7XMvoC},
	year={1964},
	publisher={Dover Publications}
}

@article{Csiszar1967,
	author = { Csisz{\'a}r, I. },
	title = {Information-Type Measures of Difference of Probability Distributions and Indirect Observations},
	journal = {Studia Scientiarum Mathematicarum Hungarica},
	volume = {2},
	pages = {299-318},
	year  = {1967}
	}

@article{Lin1991,
	author = { Lin, J. },
	title = {Divergence Measures Based on the Shannon Entropy},
	journal = {IEEE Transactions on Information Theory},
	volume = {37},
	number = {1},
	pages = {145-151},
	year  = {1991}
}

%%%%%%%%%%%%%%%%%%%%%%%%%%%%%%%%%%%%%%%%%%%%%%%%%%%%%%%%%%%%%%%%%%%%%%%
@article{Karunamuni2009,
	author = {Karunamuni, R.J. and Wu, Jingjing},
	year = {2009},
	month = {03},
	pages = {1118-1133},
	title = {Minimum Hellinger distance estimation in a nonparametric mixture model},
	volume = {139},
	booktitle = {Journal of Statistical Planning and Inference - J STATIST PLAN INFER}
}

@article{HettmanSperger1994,
	title = "Minimum distance estimators",
	journal = "Journal of Statistical Planning and Inference",
	volume = "41",
	number = "3",
	pages = "291 - 302",
	year = "1994",
	issn = "0378-3758",
	doi = "https://doi.org/10.1016/0378-3758(94)90025-6",
	url = "http://www.sciencedirect.com/science/article/pii/0378375894900256",
	author = "T.P. Hettmansperger and I. Hueter and J. Hüsler",
	keywords = "Robust, M-estimation, R-estimation, location-scale model, Cramér-von Mises statistic"
}

@article{Szekely2013,
	title = "Energy statistics: A class of statistics based on distances",
	journal = "Journal of Statistical Planning and Inference",
	volume = "143",
	number = "8",
	pages = "1249 - 1272",
	year = "2013",
	issn = "0378-3758",
	doi = "https://doi.org/10.1016/j.jspi.2013.03.018",
	url = "http://www.sciencedirect.com/science/article/pii/S0378375813000633",
	author = "Gábor J. Székely and Maria L. Rizzo",
	keywords = "Energy distance, Goodness-of-fit, Multivariate independence, Distance covariance, Distance correlation"
}

@article{Song2001,
	title = "Rényi information, loglikelihood and an intrinsic distribution measure",
	journal = "Journal of Statistical Planning and Inference",
	volume = "93",
	number = "1",
	pages = "51--69",
	year = "2001",
	issn = "0378-3758",
	doi = "https://doi.org/10.1016/S0378-3758(00)00169-5",
	url = "http://www.sciencedirect.com/science/article/pii/S0378375800001695",
	author = "Kai-Sheng Song",
	keywords = "Heavy tails, Intrinsic shape measure, Kurtosis, Loglikelihood moments, Multivariate , Rényi information, Spectrum, Trigamma function"
}

@article{SequentialCorrespondenceKernel,
	author = {D. Dov and R. Talmon and I. Cohen},
	year = 2018,
	journal = {IEEE Transactions on Signal Processing},
	volume = 66,
	number = 12,
	pages = {3100--3111},
	title = {Sequential Audio-Visual Correspondence With Alternating Diffusion Kernels},
}

@ARTICLE{Topsoe2000,
	author={F. Topsoe},
	journal={IEEE Transactions on Information Theory},
	title={Some inequalities for information divergence and related measures of discrimination},
	year={2000},
	volume={46},
	number={4},
	pages={1602-1609},
	keywords={information theory;probability;statistics;inequalities;information divergence;discrimination measures;distance measures;information theory;mathematical statistics;ergodic theory;scientific fields;Pinsker inequality;capacitory discrimination;triangular discrimination;Ali-Silvey-Csiszar divergences;Hellinger distance;Information theory},
	doi={10.1109/18.850703},
	ISSN={0018-9448},
	month={July},
}

@article{Xu2014,
	author = { S. Xu },
	title = {Asymmetric Kernel Density Estimation Based on Grouped Data with Applications to Loss Model},
	journal = {Communications in Statistics - Simulation and Computation},
	volume = {43},
	number = {3},
	pages = {657-672},
	year  = {2014},
	publisher = {Taylor & Francis},
	doi = {10.1080/03610918.2012.712184},
	URL = {https://doi.org/10.1080/03610918.2012.712184},
	eprint = {https://doi.org/10.1080/03610918.2012.712184},
}

@Article{Cichocki2010,
	AUTHOR = {A. Cichocki and S. Amari},
	TITLE = {Families of Alpha- Beta- and Gamma- Divergences: Flexible and Robust Measures of Similarities},
	JOURNAL = {Entropy},
	VOLUME = {12},
	YEAR = {2010},
	NUMBER = {6},
	PAGES = {1532--1568},
	URL = {http://www.mdpi.com/1099-4300/12/6/1532},
	ISSN = {1099-4300},
	ABSTRACT = {In this paper, we extend and overview wide families of Alpha-, Beta- and Gamma-divergences and discuss their fundamental properties. In literature usually only one single asymmetric (Alpha, Beta or Gamma) divergence is considered. We show in this paper that there exist families of such divergences with the same consistent properties. Moreover, we establish links and correspondences among these divergences by applying suitable nonlinear transformations. For example, we can generate the Beta-divergences directly from Alpha-divergences and vice versa. Furthermore, we show that a new wide class of Gamma-divergences can be generated not only from the family of Beta-divergences but also from a family of Alpha-divergences. The paper bridges these divergences and shows also their links to Tsallis and Rényi entropies. Most of these divergences have a natural information theoretic interpretation.},
	DOI = {10.3390/e12061532}
}

@article{Park2011,
	title={Estimation of symmetric chi-square divergence for point processes},
	author={I. Park and S. Seth and M. Rao and J..Pr{\'i}ncipe},
	journal={2011 IEEE International Conference on Acoustics, Speech and Signal Processing (ICASSP)},
	year={2011},
	pages={2016-2019}
}


@article{JainSrivastava2007,
	title={On Symmetric Information Divergence Measures of Csiszar’s f - Divergence Class},
	author={K.Jain and A. Srivastava},
	journal={Journal of Applied Mathematics, Statistics and Informatics},
	year={2007},
	volume = {3},
	number = {1},
	pages = {85-102},
}

@article{Sason2016,
	title={f-Divergence Inequalities},
	author={I. Sason and S. Verdú},
	journal={IEEE Transactions on Information Theory},
	year={2016},
	volume = {62},
	number = {11},
	pages = {5973-6006},
}

@Inbook{Markatou2017,
	author="Markatou, Marianthi and Chen, Yang	and Afendras, Georgios 	and Lindsay, Bruce G.", 
	editor="Chen, Ding-Geng and Jin, Zhezhen
	and Li, Gang and Li, Yi and Liu, Aiyi and Zhao, Yichuan",
	title="Statistical Distances and Their Role in Robustness",
	bookTitle="New Advances in Statistics and Data Science",
	year="2017",
	publisher="Springer International Publishing",
	address="Cham",
	pages="3--26",
	isbn="978-3-319-69416-0",
	doi="10.1007/978-3-319-69416-0_1",
	url="https://doi.org/10.1007/978-3-319-69416-0_1"
}

@INPROCEEDINGS{Khan2013,
	author={S. {Khan} and R. {Guida}},
	booktitle={2013 IEEE International Geoscience and Remote Sensing Symposium - IGARSS},
	title={Single-look PolSAR statistical analysis using fractional moments of polarimetric whitening filter},
	year={2013},
	volume={},
	number={},
	pages={3187-3190},
	keywords={filtering theory;parameter estimation;radar polarimetry;statistical analysis;synthetic aperture radar;single-look POLSAR statistical analysis;fractional moment;polarimetric whitening filter;shape parameter estimation;polarimetric singlelook complex compound distribution;synthetic aperture radar data;Synthetic aperture radar;Speckle;Shape;Data models;Parameter estimation;Remote sensing;Compounds;Fractional moments;polarimetric whitening filter;texture parameter estimation;polarimetric SAR},
	doi={10.1109/IGARSS.2013.6723504},
	ISSN={2153-6996},
	month={July},}